%YAML 1.1
%TAG !u! tag:unity3d.com,2011:
--- !u!1 &2971007474010301215
GameObject:
  m_ObjectHideFlags: 0
  m_CorrespondingSourceObject: {fileID: 0}
  m_PrefabInstance: {fileID: 0}
  m_PrefabAsset: {fileID: 0}
  serializedVersion: 6
  m_Component:
  - component: {fileID: 393295665677419304}
  m_Layer: 0
  m_Name: Scene 6 Objects
  m_TagString: Untagged
  m_Icon: {fileID: 0}
  m_NavMeshLayer: 0
  m_StaticEditorFlags: 0
  m_IsActive: 1
--- !u!4 &393295665677419304
Transform:
  m_ObjectHideFlags: 0
  m_CorrespondingSourceObject: {fileID: 0}
  m_PrefabInstance: {fileID: 0}
  m_PrefabAsset: {fileID: 0}
  m_GameObject: {fileID: 2971007474010301215}
  m_LocalRotation: {x: 0, y: 0, z: 0, w: 1}
  m_LocalPosition: {x: 0, y: 0, z: 0}
  m_LocalScale: {x: 1, y: 1, z: 1}
  m_Children:
  - {fileID: 8698929892959645613}
  - {fileID: 8693993391605833622}
  - {fileID: 8694029866275868701}
  - {fileID: 8699085943104657232}
  - {fileID: 8699097170171798709}
  - {fileID: 8698764720024350276}
  - {fileID: 8699054870567341730}
  - {fileID: 8693888831973452406}
  - {fileID: 8694075709554029308}
  m_Father: {fileID: 0}
  m_RootOrder: 0
  m_LocalEulerAnglesHint: {x: 0, y: 0, z: 0}
--- !u!1001 &8694218893628145859
PrefabInstance:
  m_ObjectHideFlags: 0
  serializedVersion: 2
  m_Modification:
    m_TransformParent: {fileID: 393295665677419304}
    m_Modifications:
    - target: {fileID: 4746192295620462, guid: 170c443f64fc70240bf7a62ba85b17bb, type: 3}
      propertyPath: m_LocalPosition.x
      value: 0.5
      objectReference: {fileID: 0}
    - target: {fileID: 4746192295620462, guid: 170c443f64fc70240bf7a62ba85b17bb, type: 3}
      propertyPath: m_LocalPosition.y
      value: 0
      objectReference: {fileID: 0}
    - target: {fileID: 4746192295620462, guid: 170c443f64fc70240bf7a62ba85b17bb, type: 3}
      propertyPath: m_LocalPosition.z
      value: 0
      objectReference: {fileID: 0}
    - target: {fileID: 4746192295620462, guid: 170c443f64fc70240bf7a62ba85b17bb, type: 3}
      propertyPath: m_LocalRotation.x
      value: -0
      objectReference: {fileID: 0}
    - target: {fileID: 4746192295620462, guid: 170c443f64fc70240bf7a62ba85b17bb, type: 3}
      propertyPath: m_LocalRotation.y
      value: -0
      objectReference: {fileID: 0}
    - target: {fileID: 4746192295620462, guid: 170c443f64fc70240bf7a62ba85b17bb, type: 3}
      propertyPath: m_LocalRotation.z
      value: -0
      objectReference: {fileID: 0}
    - target: {fileID: 4746192295620462, guid: 170c443f64fc70240bf7a62ba85b17bb, type: 3}
      propertyPath: m_LocalRotation.w
      value: 1
      objectReference: {fileID: 0}
    - target: {fileID: 4746192295620462, guid: 170c443f64fc70240bf7a62ba85b17bb, type: 3}
      propertyPath: m_RootOrder
      value: 0
      objectReference: {fileID: 0}
    - target: {fileID: 23903562783271378, guid: 170c443f64fc70240bf7a62ba85b17bb,
        type: 3}
      propertyPath: m_ScaleInLightmap
      value: 12
      objectReference: {fileID: 0}
    m_RemovedComponents: []
  m_SourcePrefab: {fileID: 100100000, guid: 170c443f64fc70240bf7a62ba85b17bb, type: 3}
--- !u!4 &8698929892959645613 stripped
Transform:
  m_CorrespondingSourceObject: {fileID: 4746192295620462, guid: 170c443f64fc70240bf7a62ba85b17bb,
    type: 3}
  m_PrefabInstance: {fileID: 8694218893628145859}
  m_PrefabAsset: {fileID: 0}
--- !u!1001 &8694218894079945128
PrefabInstance:
  m_ObjectHideFlags: 0
  serializedVersion: 2
  m_Modification:
    m_TransformParent: {fileID: 393295665677419304}
    m_Modifications:
    - target: {fileID: 4550234061375468, guid: cd2da3c5d26dd8149abf2b97508c9da6, type: 3}
      propertyPath: m_LocalPosition.x
      value: 0
      objectReference: {fileID: 0}
    - target: {fileID: 4550234061375468, guid: cd2da3c5d26dd8149abf2b97508c9da6, type: 3}
      propertyPath: m_LocalPosition.y
      value: 0
      objectReference: {fileID: 0}
    - target: {fileID: 4550234061375468, guid: cd2da3c5d26dd8149abf2b97508c9da6, type: 3}
      propertyPath: m_LocalPosition.z
      value: -0.5
      objectReference: {fileID: 0}
    - target: {fileID: 4550234061375468, guid: cd2da3c5d26dd8149abf2b97508c9da6, type: 3}
      propertyPath: m_LocalRotation.x
      value: 0.0000018099951
      objectReference: {fileID: 0}
    - target: {fileID: 4550234061375468, guid: cd2da3c5d26dd8149abf2b97508c9da6, type: 3}
      propertyPath: m_LocalRotation.y
      value: -0
      objectReference: {fileID: 0}
    - target: {fileID: 4550234061375468, guid: cd2da3c5d26dd8149abf2b97508c9da6, type: 3}
      propertyPath: m_LocalRotation.z
      value: -0
      objectReference: {fileID: 0}
    - target: {fileID: 4550234061375468, guid: cd2da3c5d26dd8149abf2b97508c9da6, type: 3}
      propertyPath: m_LocalRotation.w
      value: 1
      objectReference: {fileID: 0}
    - target: {fileID: 4550234061375468, guid: cd2da3c5d26dd8149abf2b97508c9da6, type: 3}
      propertyPath: m_RootOrder
      value: 5
      objectReference: {fileID: 0}
    - target: {fileID: 23240992950957412, guid: cd2da3c5d26dd8149abf2b97508c9da6,
        type: 3}
      propertyPath: m_ScaleInLightmap
      value: 12
      objectReference: {fileID: 0}
    m_RemovedComponents: []
  m_SourcePrefab: {fileID: 100100000, guid: cd2da3c5d26dd8149abf2b97508c9da6, type: 3}
--- !u!4 &8698764720024350276 stripped
Transform:
  m_CorrespondingSourceObject: {fileID: 4550234061375468, guid: cd2da3c5d26dd8149abf2b97508c9da6,
    type: 3}
  m_PrefabInstance: {fileID: 8694218894079945128}
  m_PrefabAsset: {fileID: 0}
--- !u!1001 &8694218894152680538
PrefabInstance:
  m_ObjectHideFlags: 0
  serializedVersion: 2
  m_Modification:
    m_TransformParent: {fileID: 393295665677419304}
    m_Modifications:
    - target: {fileID: 4317681150303180, guid: 3fdb0ee4542a38649bfff7755b0b4d5a, type: 3}
      propertyPath: m_LocalPosition.x
      value: 0
      objectReference: {fileID: 0}
    - target: {fileID: 4317681150303180, guid: 3fdb0ee4542a38649bfff7755b0b4d5a, type: 3}
      propertyPath: m_LocalPosition.y
      value: 0
      objectReference: {fileID: 0}
    - target: {fileID: 4317681150303180, guid: 3fdb0ee4542a38649bfff7755b0b4d5a, type: 3}
      propertyPath: m_LocalPosition.z
      value: 0
      objectReference: {fileID: 0}
    - target: {fileID: 4317681150303180, guid: 3fdb0ee4542a38649bfff7755b0b4d5a, type: 3}
      propertyPath: m_LocalRotation.x
      value: -0
      objectReference: {fileID: 0}
    - target: {fileID: 4317681150303180, guid: 3fdb0ee4542a38649bfff7755b0b4d5a, type: 3}
      propertyPath: m_LocalRotation.y
      value: -0
      objectReference: {fileID: 0}
    - target: {fileID: 4317681150303180, guid: 3fdb0ee4542a38649bfff7755b0b4d5a, type: 3}
      propertyPath: m_LocalRotation.z
      value: -0
      objectReference: {fileID: 0}
    - target: {fileID: 4317681150303180, guid: 3fdb0ee4542a38649bfff7755b0b4d5a, type: 3}
      propertyPath: m_LocalRotation.w
      value: 1
      objectReference: {fileID: 0}
    - target: {fileID: 4317681150303180, guid: 3fdb0ee4542a38649bfff7755b0b4d5a, type: 3}
      propertyPath: m_RootOrder
      value: 1
      objectReference: {fileID: 0}
    - target: {fileID: 23936714465461876, guid: 3fdb0ee4542a38649bfff7755b0b4d5a,
        type: 3}
      propertyPath: m_ScaleInLightmap
      value: 12
      objectReference: {fileID: 0}
    m_RemovedComponents: []
  m_SourcePrefab: {fileID: 100100000, guid: 3fdb0ee4542a38649bfff7755b0b4d5a, type: 3}
--- !u!4 &8693993391605833622 stripped
Transform:
  m_CorrespondingSourceObject: {fileID: 4317681150303180, guid: 3fdb0ee4542a38649bfff7755b0b4d5a,
    type: 3}
  m_PrefabInstance: {fileID: 8694218894152680538}
  m_PrefabAsset: {fileID: 0}
--- !u!1001 &8694218894589912194
PrefabInstance:
  m_ObjectHideFlags: 0
  serializedVersion: 2
  m_Modification:
    m_TransformParent: {fileID: 393295665677419304}
    m_Modifications:
    - target: {fileID: 4875603828877856, guid: 8d3c7188888a2324fb8cc42638e2652c, type: 3}
      propertyPath: m_LocalPosition.x
      value: 0.5
      objectReference: {fileID: 0}
    - target: {fileID: 4875603828877856, guid: 8d3c7188888a2324fb8cc42638e2652c, type: 3}
      propertyPath: m_LocalPosition.y
      value: 0
      objectReference: {fileID: 0}
    - target: {fileID: 4875603828877856, guid: 8d3c7188888a2324fb8cc42638e2652c, type: 3}
      propertyPath: m_LocalPosition.z
      value: -0.5
      objectReference: {fileID: 0}
    - target: {fileID: 4875603828877856, guid: 8d3c7188888a2324fb8cc42638e2652c, type: 3}
      propertyPath: m_LocalRotation.x
      value: 0.0000018099951
      objectReference: {fileID: 0}
    - target: {fileID: 4875603828877856, guid: 8d3c7188888a2324fb8cc42638e2652c, type: 3}
      propertyPath: m_LocalRotation.y
      value: -0
      objectReference: {fileID: 0}
    - target: {fileID: 4875603828877856, guid: 8d3c7188888a2324fb8cc42638e2652c, type: 3}
      propertyPath: m_LocalRotation.z
      value: -0
      objectReference: {fileID: 0}
    - target: {fileID: 4875603828877856, guid: 8d3c7188888a2324fb8cc42638e2652c, type: 3}
      propertyPath: m_LocalRotation.w
      value: 1
      objectReference: {fileID: 0}
    - target: {fileID: 4875603828877856, guid: 8d3c7188888a2324fb8cc42638e2652c, type: 3}
      propertyPath: m_RootOrder
      value: 6
      objectReference: {fileID: 0}
    - target: {fileID: 23502021577058580, guid: 8d3c7188888a2324fb8cc42638e2652c,
        type: 3}
      propertyPath: m_ScaleInLightmap
      value: 12
      objectReference: {fileID: 0}
    m_RemovedComponents: []
  m_SourcePrefab: {fileID: 100100000, guid: 8d3c7188888a2324fb8cc42638e2652c, type: 3}
--- !u!4 &8699054870567341730 stripped
Transform:
  m_CorrespondingSourceObject: {fileID: 4875603828877856, guid: 8d3c7188888a2324fb8cc42638e2652c,
    type: 3}
  m_PrefabInstance: {fileID: 8694218894589912194}
  m_PrefabAsset: {fileID: 0}
--- !u!1001 &8694218894742884378
PrefabInstance:
  m_ObjectHideFlags: 0
  serializedVersion: 2
  m_Modification:
    m_TransformParent: {fileID: 393295665677419304}
    m_Modifications:
    - target: {fileID: 4395633728447206, guid: 85614ee51121cb943b041ddea7ee8e74, type: 3}
      propertyPath: m_LocalPosition.x
      value: -0.5
      objectReference: {fileID: 0}
    - target: {fileID: 4395633728447206, guid: 85614ee51121cb943b041ddea7ee8e74, type: 3}
      propertyPath: m_LocalPosition.y
      value: 0
      objectReference: {fileID: 0}
    - target: {fileID: 4395633728447206, guid: 85614ee51121cb943b041ddea7ee8e74, type: 3}
      propertyPath: m_LocalPosition.z
      value: 0
      objectReference: {fileID: 0}
    - target: {fileID: 4395633728447206, guid: 85614ee51121cb943b041ddea7ee8e74, type: 3}
      propertyPath: m_LocalRotation.x
      value: 0.0000018099951
      objectReference: {fileID: 0}
    - target: {fileID: 4395633728447206, guid: 85614ee51121cb943b041ddea7ee8e74, type: 3}
      propertyPath: m_LocalRotation.y
      value: -0
      objectReference: {fileID: 0}
    - target: {fileID: 4395633728447206, guid: 85614ee51121cb943b041ddea7ee8e74, type: 3}
      propertyPath: m_LocalRotation.z
      value: -0
      objectReference: {fileID: 0}
    - target: {fileID: 4395633728447206, guid: 85614ee51121cb943b041ddea7ee8e74, type: 3}
      propertyPath: m_LocalRotation.w
      value: 1
      objectReference: {fileID: 0}
    - target: {fileID: 4395633728447206, guid: 85614ee51121cb943b041ddea7ee8e74, type: 3}
      propertyPath: m_RootOrder
      value: 8
      objectReference: {fileID: 0}
    - target: {fileID: 23036594737548624, guid: 85614ee51121cb943b041ddea7ee8e74,
        type: 3}
      propertyPath: m_ScaleInLightmap
      value: 12
      objectReference: {fileID: 0}
    m_RemovedComponents: []
  m_SourcePrefab: {fileID: 100100000, guid: 85614ee51121cb943b041ddea7ee8e74, type: 3}
--- !u!4 &8694075709554029308 stripped
Transform:
  m_CorrespondingSourceObject: {fileID: 4395633728447206, guid: 85614ee51121cb943b041ddea7ee8e74,
    type: 3}
  m_PrefabInstance: {fileID: 8694218894742884378}
  m_PrefabAsset: {fileID: 0}
--- !u!1001 &8694218894871225418
PrefabInstance:
  m_ObjectHideFlags: 0
  serializedVersion: 2
  m_Modification:
    m_TransformParent: {fileID: 393295665677419304}
    m_Modifications:
    - target: {fileID: 4213130029338172, guid: ea0969bd83303d340a6298b03b8015e1, type: 3}
      propertyPath: m_LocalPosition.x
      value: -0.5
      objectReference: {fileID: 0}
    - target: {fileID: 4213130029338172, guid: ea0969bd83303d340a6298b03b8015e1, type: 3}
      propertyPath: m_LocalPosition.y
      value: 0
      objectReference: {fileID: 0}
    - target: {fileID: 4213130029338172, guid: ea0969bd83303d340a6298b03b8015e1, type: 3}
      propertyPath: m_LocalPosition.z
      value: -0.5
      objectReference: {fileID: 0}
    - target: {fileID: 4213130029338172, guid: ea0969bd83303d340a6298b03b8015e1, type: 3}
      propertyPath: m_LocalRotation.x
      value: 0.0000018099951
      objectReference: {fileID: 0}
    - target: {fileID: 4213130029338172, guid: ea0969bd83303d340a6298b03b8015e1, type: 3}
      propertyPath: m_LocalRotation.y
      value: -0
      objectReference: {fileID: 0}
    - target: {fileID: 4213130029338172, guid: ea0969bd83303d340a6298b03b8015e1, type: 3}
      propertyPath: m_LocalRotation.z
      value: -0
      objectReference: {fileID: 0}
    - target: {fileID: 4213130029338172, guid: ea0969bd83303d340a6298b03b8015e1, type: 3}
      propertyPath: m_LocalRotation.w
      value: 1
      objectReference: {fileID: 0}
    - target: {fileID: 4213130029338172, guid: ea0969bd83303d340a6298b03b8015e1, type: 3}
      propertyPath: m_RootOrder
      value: 7
      objectReference: {fileID: 0}
    - target: {fileID: 23614497137456920, guid: ea0969bd83303d340a6298b03b8015e1,
        type: 3}
      propertyPath: m_ScaleInLightmap
      value: 12
      objectReference: {fileID: 0}
    m_RemovedComponents: []
  m_SourcePrefab: {fileID: 100100000, guid: ea0969bd83303d340a6298b03b8015e1, type: 3}
--- !u!4 &8693888831973452406 stripped
Transform:
  m_CorrespondingSourceObject: {fileID: 4213130029338172, guid: ea0969bd83303d340a6298b03b8015e1,
    type: 3}
  m_PrefabInstance: {fileID: 8694218894871225418}
  m_PrefabAsset: {fileID: 0}
--- !u!1001 &8694218895283835803
PrefabInstance:
  m_ObjectHideFlags: 0
  serializedVersion: 2
  m_Modification:
    m_TransformParent: {fileID: 393295665677419304}
    m_Modifications:
    - target: {fileID: 4349791528240006, guid: e0ce7a0095027d6438c5876406fe504f, type: 3}
      propertyPath: m_LocalPosition.x
      value: -0.5
      objectReference: {fileID: 0}
    - target: {fileID: 4349791528240006, guid: e0ce7a0095027d6438c5876406fe504f, type: 3}
      propertyPath: m_LocalPosition.y
      value: 0
      objectReference: {fileID: 0}
    - target: {fileID: 4349791528240006, guid: e0ce7a0095027d6438c5876406fe504f, type: 3}
      propertyPath: m_LocalPosition.z
      value: 0.5
      objectReference: {fileID: 0}
    - target: {fileID: 4349791528240006, guid: e0ce7a0095027d6438c5876406fe504f, type: 3}
      propertyPath: m_LocalRotation.x
      value: -0
      objectReference: {fileID: 0}
    - target: {fileID: 4349791528240006, guid: e0ce7a0095027d6438c5876406fe504f, type: 3}
      propertyPath: m_LocalRotation.y
      value: -0
      objectReference: {fileID: 0}
    - target: {fileID: 4349791528240006, guid: e0ce7a0095027d6438c5876406fe504f, type: 3}
      propertyPath: m_LocalRotation.z
      value: -0
      objectReference: {fileID: 0}
    - target: {fileID: 4349791528240006, guid: e0ce7a0095027d6438c5876406fe504f, type: 3}
      propertyPath: m_LocalRotation.w
      value: 1
      objectReference: {fileID: 0}
    - target: {fileID: 4349791528240006, guid: e0ce7a0095027d6438c5876406fe504f, type: 3}
      propertyPath: m_RootOrder
      value: 2
      objectReference: {fileID: 0}
    - target: {fileID: 23455438813303962, guid: e0ce7a0095027d6438c5876406fe504f,
        type: 3}
      propertyPath: m_ScaleInLightmap
      value: 12
      objectReference: {fileID: 0}
    m_RemovedComponents: []
  m_SourcePrefab: {fileID: 100100000, guid: e0ce7a0095027d6438c5876406fe504f, type: 3}
--- !u!4 &8694029866275868701 stripped
Transform:
  m_CorrespondingSourceObject: {fileID: 4349791528240006, guid: e0ce7a0095027d6438c5876406fe504f,
    type: 3}
  m_PrefabInstance: {fileID: 8694218895283835803}
  m_PrefabAsset: {fileID: 0}
--- !u!1001 &8694218895311789934
PrefabInstance:
  m_ObjectHideFlags: 0
  serializedVersion: 2
  m_Modification:
    m_TransformParent: {fileID: 393295665677419304}
    m_Modifications:
    - target: {fileID: 4871481357273150, guid: db5afdd5fe3bf0e4d97206d973186017, type: 3}
      propertyPath: m_LocalPosition.x
      value: 0
      objectReference: {fileID: 0}
    - target: {fileID: 4871481357273150, guid: db5afdd5fe3bf0e4d97206d973186017, type: 3}
      propertyPath: m_LocalPosition.y
      value: 0
      objectReference: {fileID: 0}
    - target: {fileID: 4871481357273150, guid: db5afdd5fe3bf0e4d97206d973186017, type: 3}
      propertyPath: m_LocalPosition.z
      value: 0.5
      objectReference: {fileID: 0}
    - target: {fileID: 4871481357273150, guid: db5afdd5fe3bf0e4d97206d973186017, type: 3}
      propertyPath: m_LocalRotation.x
      value: -0
      objectReference: {fileID: 0}
    - target: {fileID: 4871481357273150, guid: db5afdd5fe3bf0e4d97206d973186017, type: 3}
      propertyPath: m_LocalRotation.y
      value: -0
      objectReference: {fileID: 0}
    - target: {fileID: 4871481357273150, guid: db5afdd5fe3bf0e4d97206d973186017, type: 3}
      propertyPath: m_LocalRotation.z
      value: -0
      objectReference: {fileID: 0}
    - target: {fileID: 4871481357273150, guid: db5afdd5fe3bf0e4d97206d973186017, type: 3}
      propertyPath: m_LocalRotation.w
      value: 1
      objectReference: {fileID: 0}
    - target: {fileID: 4871481357273150, guid: db5afdd5fe3bf0e4d97206d973186017, type: 3}
      propertyPath: m_RootOrder
      value: 3
      objectReference: {fileID: 0}
    - target: {fileID: 23835274597182398, guid: db5afdd5fe3bf0e4d97206d973186017,
        type: 3}
      propertyPath: m_ScaleInLightmap
      value: 12
      objectReference: {fileID: 0}
    m_RemovedComponents: []
  m_SourcePrefab: {fileID: 100100000, guid: db5afdd5fe3bf0e4d97206d973186017, type: 3}
--- !u!4 &8699085943104657232 stripped
Transform:
  m_CorrespondingSourceObject: {fileID: 4871481357273150, guid: db5afdd5fe3bf0e4d97206d973186017,
    type: 3}
  m_PrefabInstance: {fileID: 8694218895311789934}
  m_PrefabAsset: {fileID: 0}
--- !u!1001 &8694218895437454143
PrefabInstance:
  m_ObjectHideFlags: 0
  serializedVersion: 2
  m_Modification:
    m_TransformParent: {fileID: 393295665677419304}
    m_Modifications:
    - target: {fileID: 4913494809640842, guid: ef1e079b3486c8f469f94e5c87419012, type: 3}
      propertyPath: m_LocalPosition.x
      value: 0.5
      objectReference: {fileID: 0}
    - target: {fileID: 4913494809640842, guid: ef1e079b3486c8f469f94e5c87419012, type: 3}
      propertyPath: m_LocalPosition.y
      value: 0
      objectReference: {fileID: 0}
    - target: {fileID: 4913494809640842, guid: ef1e079b3486c8f469f94e5c87419012, type: 3}
      propertyPath: m_LocalPosition.z
      value: 0.5
      objectReference: {fileID: 0}
    - target: {fileID: 4913494809640842, guid: ef1e079b3486c8f469f94e5c87419012, type: 3}
      propertyPath: m_LocalRotation.x
      value: 0.0000018099951
      objectReference: {fileID: 0}
    - target: {fileID: 4913494809640842, guid: ef1e079b3486c8f469f94e5c87419012, type: 3}
      propertyPath: m_LocalRotation.y
      value: -0
      objectReference: {fileID: 0}
    - target: {fileID: 4913494809640842, guid: ef1e079b3486c8f469f94e5c87419012, type: 3}
      propertyPath: m_LocalRotation.z
      value: -0
      objectReference: {fileID: 0}
    - target: {fileID: 4913494809640842, guid: ef1e079b3486c8f469f94e5c87419012, type: 3}
      propertyPath: m_LocalRotation.w
      value: 1
      objectReference: {fileID: 0}
    - target: {fileID: 4913494809640842, guid: ef1e079b3486c8f469f94e5c87419012, type: 3}
      propertyPath: m_RootOrder
      value: 4
      objectReference: {fileID: 0}
    - target: {fileID: 23557600919385288, guid: ef1e079b3486c8f469f94e5c87419012,
        type: 3}
      propertyPath: m_ScaleInLightmap
      value: 12
      objectReference: {fileID: 0}
    m_RemovedComponents: []
  m_SourcePrefab: {fileID: 100100000, guid: ef1e079b3486c8f469f94e5c87419012, type: 3}
--- !u!4 &8699097170171798709 stripped
Transform:
  m_CorrespondingSourceObject: {fileID: 4913494809640842, guid: ef1e079b3486c8f469f94e5c87419012,
    type: 3}
  m_PrefabInstance: {fileID: 8694218895437454143}
  m_PrefabAsset: {fileID: 0}
