%YAML 1.1
%TAG !u! tag:unity3d.com,2011:
--- !u!1 &1863082280529990500
GameObject:
  m_ObjectHideFlags: 0
  m_CorrespondingSourceObject: {fileID: 0}
  m_PrefabInstance: {fileID: 0}
  m_PrefabAsset: {fileID: 0}
  serializedVersion: 6
  m_Component:
  - component: {fileID: 3463957911538480161}
  m_Layer: 0
  m_Name: Dense Tree Cluster 2
  m_TagString: Untagged
  m_Icon: {fileID: 0}
  m_NavMeshLayer: 0
  m_StaticEditorFlags: 0
  m_IsActive: 1
--- !u!4 &3463957911538480161
Transform:
  m_ObjectHideFlags: 0
  m_CorrespondingSourceObject: {fileID: 0}
  m_PrefabInstance: {fileID: 0}
  m_PrefabAsset: {fileID: 0}
  m_GameObject: {fileID: 1863082280529990500}
  m_LocalRotation: {x: -0, y: 0.5616285, z: -0, w: 0.8273895}
  m_LocalPosition: {x: 2482.1794, y: -17.64, z: -377.48642}
  m_LocalScale: {x: 1, y: 1, z: 1}
  m_Children:
  - {fileID: 8301231755500755983}
  - {fileID: 1978747234606462751}
  - {fileID: 8884977232668414659}
  - {fileID: 188875507947956340}
  - {fileID: 5072194545832392614}
  - {fileID: 2775515539154907143}
  - {fileID: 5218953347248093304}
  - {fileID: 5616294362481092727}
  - {fileID: 5115322651386714752}
  - {fileID: 857622312634123625}
  - {fileID: 4988766226736028605}
  - {fileID: 6663954241185618375}
  - {fileID: 7502336372525076402}
  - {fileID: 2657776105326593226}
  - {fileID: 3833869054082718545}
  m_Father: {fileID: 0}
  m_RootOrder: 0
  m_LocalEulerAnglesHint: {x: 0, y: 68.337, z: 0}
--- !u!1001 &184575128965675442
PrefabInstance:
  m_ObjectHideFlags: 0
  serializedVersion: 2
  m_Modification:
    m_TransformParent: {fileID: 3463957911538480161}
    m_Modifications:
    - target: {fileID: 1793986438166388, guid: 7872fa5d1c5d9104b95158ff7e52074c, type: 3}
      propertyPath: m_Name
      value: SM_Env_TreeDead_03 (41)
      objectReference: {fileID: 0}
    - target: {fileID: 4709603478376902, guid: 7872fa5d1c5d9104b95158ff7e52074c, type: 3}
      propertyPath: m_RootOrder
      value: 3
      objectReference: {fileID: 0}
    - target: {fileID: 4709603478376902, guid: 7872fa5d1c5d9104b95158ff7e52074c, type: 3}
      propertyPath: m_LocalScale.x
      value: 0.9978669
      objectReference: {fileID: 0}
    - target: {fileID: 4709603478376902, guid: 7872fa5d1c5d9104b95158ff7e52074c, type: 3}
      propertyPath: m_LocalScale.z
      value: 0.9888632
      objectReference: {fileID: 0}
    - target: {fileID: 4709603478376902, guid: 7872fa5d1c5d9104b95158ff7e52074c, type: 3}
      propertyPath: m_LocalPosition.x
      value: 0.9855957
      objectReference: {fileID: 0}
    - target: {fileID: 4709603478376902, guid: 7872fa5d1c5d9104b95158ff7e52074c, type: 3}
      propertyPath: m_LocalPosition.y
      value: 0
      objectReference: {fileID: 0}
    - target: {fileID: 4709603478376902, guid: 7872fa5d1c5d9104b95158ff7e52074c, type: 3}
      propertyPath: m_LocalPosition.z
      value: 1.757019
      objectReference: {fileID: 0}
    - target: {fileID: 4709603478376902, guid: 7872fa5d1c5d9104b95158ff7e52074c, type: 3}
      propertyPath: m_LocalRotation.w
      value: -0.63102657
      objectReference: {fileID: 0}
    - target: {fileID: 4709603478376902, guid: 7872fa5d1c5d9104b95158ff7e52074c, type: 3}
      propertyPath: m_LocalRotation.x
      value: -0.00043006398
      objectReference: {fileID: 0}
    - target: {fileID: 4709603478376902, guid: 7872fa5d1c5d9104b95158ff7e52074c, type: 3}
      propertyPath: m_LocalRotation.y
      value: -0.7757581
      objectReference: {fileID: 0}
    - target: {fileID: 4709603478376902, guid: 7872fa5d1c5d9104b95158ff7e52074c, type: 3}
      propertyPath: m_LocalRotation.z
      value: 0.0021426543
      objectReference: {fileID: 0}
    - target: {fileID: 4709603478376902, guid: 7872fa5d1c5d9104b95158ff7e52074c, type: 3}
      propertyPath: m_LocalEulerAnglesHint.x
      value: 0
      objectReference: {fileID: 0}
    - target: {fileID: 4709603478376902, guid: 7872fa5d1c5d9104b95158ff7e52074c, type: 3}
      propertyPath: m_LocalEulerAnglesHint.y
      value: 101.487
      objectReference: {fileID: 0}
    - target: {fileID: 4709603478376902, guid: 7872fa5d1c5d9104b95158ff7e52074c, type: 3}
      propertyPath: m_LocalEulerAnglesHint.z
      value: 0
      objectReference: {fileID: 0}
    m_RemovedComponents: []
  m_SourcePrefab: {fileID: 100100000, guid: 7872fa5d1c5d9104b95158ff7e52074c, type: 3}
--- !u!4 &188875507947956340 stripped
Transform:
  m_CorrespondingSourceObject: {fileID: 4709603478376902, guid: 7872fa5d1c5d9104b95158ff7e52074c, type: 3}
  m_PrefabInstance: {fileID: 184575128965675442}
  m_PrefabAsset: {fileID: 0}
--- !u!1001 &858300031067947541
PrefabInstance:
  m_ObjectHideFlags: 0
  serializedVersion: 2
  m_Modification:
    m_TransformParent: {fileID: 3463957911538480161}
    m_Modifications:
    - target: {fileID: 1479789811620544, guid: 11a8fca005aee104a87aa970da6ba9f7, type: 3}
      propertyPath: m_Name
      value: SM_Env_TreeDead_01 (84)
      objectReference: {fileID: 0}
    - target: {fileID: 4408662571517820, guid: 11a8fca005aee104a87aa970da6ba9f7, type: 3}
      propertyPath: m_RootOrder
      value: 9
      objectReference: {fileID: 0}
    - target: {fileID: 4408662571517820, guid: 11a8fca005aee104a87aa970da6ba9f7, type: 3}
      propertyPath: m_LocalScale.x
      value: 0.9940239
      objectReference: {fileID: 0}
    - target: {fileID: 4408662571517820, guid: 11a8fca005aee104a87aa970da6ba9f7, type: 3}
      propertyPath: m_LocalScale.z
      value: 0.9927059
      objectReference: {fileID: 0}
    - target: {fileID: 4408662571517820, guid: 11a8fca005aee104a87aa970da6ba9f7, type: 3}
      propertyPath: m_LocalPosition.x
      value: -3.47
      objectReference: {fileID: 0}
    - target: {fileID: 4408662571517820, guid: 11a8fca005aee104a87aa970da6ba9f7, type: 3}
      propertyPath: m_LocalPosition.y
      value: 0
      objectReference: {fileID: 0}
    - target: {fileID: 4408662571517820, guid: 11a8fca005aee104a87aa970da6ba9f7, type: 3}
      propertyPath: m_LocalPosition.z
      value: 5.83
      objectReference: {fileID: 0}
    - target: {fileID: 4408662571517820, guid: 11a8fca005aee104a87aa970da6ba9f7, type: 3}
      propertyPath: m_LocalRotation.w
      value: -0.8671584
      objectReference: {fileID: 0}
    - target: {fileID: 4408662571517820, guid: 11a8fca005aee104a87aa970da6ba9f7, type: 3}
      propertyPath: m_LocalRotation.x
      value: 0.0020455774
      objectReference: {fileID: 0}
    - target: {fileID: 4408662571517820, guid: 11a8fca005aee104a87aa970da6ba9f7, type: 3}
      propertyPath: m_LocalRotation.y
      value: 0.49802756
      objectReference: {fileID: 0}
    - target: {fileID: 4408662571517820, guid: 11a8fca005aee104a87aa970da6ba9f7, type: 3}
      propertyPath: m_LocalRotation.z
      value: 0.00076911214
      objectReference: {fileID: 0}
    - target: {fileID: 4408662571517820, guid: 11a8fca005aee104a87aa970da6ba9f7, type: 3}
      propertyPath: m_LocalEulerAnglesHint.x
      value: 0
      objectReference: {fileID: 0}
    - target: {fileID: 4408662571517820, guid: 11a8fca005aee104a87aa970da6ba9f7, type: 3}
      propertyPath: m_LocalEulerAnglesHint.y
      value: -60
      objectReference: {fileID: 0}
    - target: {fileID: 4408662571517820, guid: 11a8fca005aee104a87aa970da6ba9f7, type: 3}
      propertyPath: m_LocalEulerAnglesHint.z
      value: 0
      objectReference: {fileID: 0}
    m_RemovedComponents: []
  m_SourcePrefab: {fileID: 100100000, guid: 11a8fca005aee104a87aa970da6ba9f7, type: 3}
--- !u!4 &857622312634123625 stripped
Transform:
  m_CorrespondingSourceObject: {fileID: 4408662571517820, guid: 11a8fca005aee104a87aa970da6ba9f7, type: 3}
  m_PrefabInstance: {fileID: 858300031067947541}
  m_PrefabAsset: {fileID: 0}
--- !u!1001 &1980169384602922611
PrefabInstance:
  m_ObjectHideFlags: 0
  serializedVersion: 2
  m_Modification:
    m_TransformParent: {fileID: 3463957911538480161}
    m_Modifications:
    - target: {fileID: 1818209262835300, guid: 27359732a6cf128469a884754abfa7ae, type: 3}
      propertyPath: m_Name
      value: SM_Env_TreeDead_02 (58)
      objectReference: {fileID: 0}
    - target: {fileID: 4245970835298668, guid: 27359732a6cf128469a884754abfa7ae, type: 3}
      propertyPath: m_RootOrder
      value: 1
      objectReference: {fileID: 0}
    - target: {fileID: 4245970835298668, guid: 27359732a6cf128469a884754abfa7ae, type: 3}
      propertyPath: m_LocalScale.x
      value: 0.98797655
      objectReference: {fileID: 0}
    - target: {fileID: 4245970835298668, guid: 27359732a6cf128469a884754abfa7ae, type: 3}
      propertyPath: m_LocalScale.z
      value: 0.99875295
      objectReference: {fileID: 0}
    - target: {fileID: 4245970835298668, guid: 27359732a6cf128469a884754abfa7ae, type: 3}
      propertyPath: m_LocalPosition.x
      value: 8.72998
      objectReference: {fileID: 0}
    - target: {fileID: 4245970835298668, guid: 27359732a6cf128469a884754abfa7ae, type: 3}
      propertyPath: m_LocalPosition.y
      value: 0
      objectReference: {fileID: 0}
    - target: {fileID: 4245970835298668, guid: 27359732a6cf128469a884754abfa7ae, type: 3}
      propertyPath: m_LocalPosition.z
      value: 3.068634
      objectReference: {fileID: 0}
    - target: {fileID: 4245970835298668, guid: 27359732a6cf128469a884754abfa7ae, type: 3}
      propertyPath: m_LocalRotation.w
      value: -0.9665098
      objectReference: {fileID: 0}
    - target: {fileID: 4245970835298668, guid: 27359732a6cf128469a884754abfa7ae, type: 3}
      propertyPath: m_LocalRotation.x
      value: 0.0017768146
      objectReference: {fileID: 0}
    - target: {fileID: 4245970835298668, guid: 27359732a6cf128469a884754abfa7ae, type: 3}
      propertyPath: m_LocalRotation.y
      value: 0.2566205
      objectReference: {fileID: 0}
    - target: {fileID: 4245970835298668, guid: 27359732a6cf128469a884754abfa7ae, type: 3}
      propertyPath: m_LocalRotation.z
      value: 0.0012723401
      objectReference: {fileID: 0}
    - target: {fileID: 4245970835298668, guid: 27359732a6cf128469a884754abfa7ae, type: 3}
      propertyPath: m_LocalEulerAnglesHint.x
      value: 0
      objectReference: {fileID: 0}
    - target: {fileID: 4245970835298668, guid: 27359732a6cf128469a884754abfa7ae, type: 3}
      propertyPath: m_LocalEulerAnglesHint.y
      value: -30
      objectReference: {fileID: 0}
    - target: {fileID: 4245970835298668, guid: 27359732a6cf128469a884754abfa7ae, type: 3}
      propertyPath: m_LocalEulerAnglesHint.z
      value: 0
      objectReference: {fileID: 0}
    m_RemovedComponents: []
  m_SourcePrefab: {fileID: 100100000, guid: 27359732a6cf128469a884754abfa7ae, type: 3}
--- !u!4 &1978747234606462751 stripped
Transform:
  m_CorrespondingSourceObject: {fileID: 4245970835298668, guid: 27359732a6cf128469a884754abfa7ae, type: 3}
  m_PrefabInstance: {fileID: 1980169384602922611}
  m_PrefabAsset: {fileID: 0}
--- !u!1001 &2662447706867225868
PrefabInstance:
  m_ObjectHideFlags: 0
  serializedVersion: 2
  m_Modification:
    m_TransformParent: {fileID: 3463957911538480161}
    m_Modifications:
    - target: {fileID: 1793986438166388, guid: 7872fa5d1c5d9104b95158ff7e52074c, type: 3}
      propertyPath: m_Name
      value: SM_Env_TreeDead_03 (45)
      objectReference: {fileID: 0}
    - target: {fileID: 4709603478376902, guid: 7872fa5d1c5d9104b95158ff7e52074c, type: 3}
      propertyPath: m_RootOrder
      value: 13
      objectReference: {fileID: 0}
    - target: {fileID: 4709603478376902, guid: 7872fa5d1c5d9104b95158ff7e52074c, type: 3}
      propertyPath: m_LocalScale.x
      value: 0.99984175
      objectReference: {fileID: 0}
    - target: {fileID: 4709603478376902, guid: 7872fa5d1c5d9104b95158ff7e52074c, type: 3}
      propertyPath: m_LocalScale.z
      value: 0.9868878
      objectReference: {fileID: 0}
    - target: {fileID: 4709603478376902, guid: 7872fa5d1c5d9104b95158ff7e52074c, type: 3}
      propertyPath: m_LocalPosition.x
      value: 10.044893
      objectReference: {fileID: 0}
    - target: {fileID: 4709603478376902, guid: 7872fa5d1c5d9104b95158ff7e52074c, type: 3}
      propertyPath: m_LocalPosition.y
      value: 0
      objectReference: {fileID: 0}
    - target: {fileID: 4709603478376902, guid: 7872fa5d1c5d9104b95158ff7e52074c, type: 3}
      propertyPath: m_LocalPosition.z
      value: -2.0516791
      objectReference: {fileID: 0}
    - target: {fileID: 4709603478376902, guid: 7872fa5d1c5d9104b95158ff7e52074c, type: 3}
      propertyPath: m_LocalRotation.w
      value: -0.10318483
      objectReference: {fileID: 0}
    - target: {fileID: 4709603478376902, guid: 7872fa5d1c5d9104b95158ff7e52074c, type: 3}
      propertyPath: m_LocalRotation.x
      value: -0.0019575187
      objectReference: {fileID: 0}
    - target: {fileID: 4709603478376902, guid: 7872fa5d1c5d9104b95158ff7e52074c, type: 3}
      propertyPath: m_LocalRotation.y
      value: 0.99465984
      objectReference: {fileID: 0}
    - target: {fileID: 4709603478376902, guid: 7872fa5d1c5d9104b95158ff7e52074c, type: 3}
      propertyPath: m_LocalRotation.z
      value: -0.0009716183
      objectReference: {fileID: 0}
    - target: {fileID: 4709603478376902, guid: 7872fa5d1c5d9104b95158ff7e52074c, type: 3}
      propertyPath: m_LocalEulerAnglesHint.x
      value: 0.134
      objectReference: {fileID: 0}
    - target: {fileID: 4709603478376902, guid: 7872fa5d1c5d9104b95158ff7e52074c, type: 3}
      propertyPath: m_LocalEulerAnglesHint.y
      value: -168.155
      objectReference: {fileID: 0}
    - target: {fileID: 4709603478376902, guid: 7872fa5d1c5d9104b95158ff7e52074c, type: 3}
      propertyPath: m_LocalEulerAnglesHint.z
      value: -0.212
      objectReference: {fileID: 0}
    m_RemovedComponents: []
  m_SourcePrefab: {fileID: 100100000, guid: 7872fa5d1c5d9104b95158ff7e52074c, type: 3}
--- !u!4 &2657776105326593226 stripped
Transform:
  m_CorrespondingSourceObject: {fileID: 4709603478376902, guid: 7872fa5d1c5d9104b95158ff7e52074c, type: 3}
  m_PrefabInstance: {fileID: 2662447706867225868}
  m_PrefabAsset: {fileID: 0}
--- !u!1001 &2777464354675288427
PrefabInstance:
  m_ObjectHideFlags: 0
  serializedVersion: 2
  m_Modification:
    m_TransformParent: {fileID: 3463957911538480161}
    m_Modifications:
    - target: {fileID: 1818209262835300, guid: 27359732a6cf128469a884754abfa7ae, type: 3}
      propertyPath: m_Name
      value: SM_Env_TreeDead_02 (60)
      objectReference: {fileID: 0}
    - target: {fileID: 4245970835298668, guid: 27359732a6cf128469a884754abfa7ae, type: 3}
      propertyPath: m_RootOrder
      value: 5
      objectReference: {fileID: 0}
    - target: {fileID: 4245970835298668, guid: 27359732a6cf128469a884754abfa7ae, type: 3}
      propertyPath: m_LocalScale.x
      value: 0.9960952
      objectReference: {fileID: 0}
    - target: {fileID: 4245970835298668, guid: 27359732a6cf128469a884754abfa7ae, type: 3}
      propertyPath: m_LocalScale.z
      value: 0.9906345
      objectReference: {fileID: 0}
    - target: {fileID: 4245970835298668, guid: 27359732a6cf128469a884754abfa7ae, type: 3}
      propertyPath: m_LocalPosition.x
      value: -2.8979492
      objectReference: {fileID: 0}
    - target: {fileID: 4245970835298668, guid: 27359732a6cf128469a884754abfa7ae, type: 3}
      propertyPath: m_LocalPosition.y
      value: 0.028533936
      objectReference: {fileID: 0}
    - target: {fileID: 4245970835298668, guid: 27359732a6cf128469a884754abfa7ae, type: 3}
      propertyPath: m_LocalPosition.z
      value: -2.6055298
      objectReference: {fileID: 0}
    - target: {fileID: 4245970835298668, guid: 27359732a6cf128469a884754abfa7ae, type: 3}
      propertyPath: m_LocalRotation.w
      value: -0.9230048
      objectReference: {fileID: 0}
    - target: {fileID: 4245970835298668, guid: 27359732a6cf128469a884754abfa7ae, type: 3}
      propertyPath: m_LocalRotation.x
      value: 0.000635092
      objectReference: {fileID: 0}
    - target: {fileID: 4245970835298668, guid: 27359732a6cf128469a884754abfa7ae, type: 3}
      propertyPath: m_LocalRotation.y
      value: -0.38478234
      objectReference: {fileID: 0}
    - target: {fileID: 4245970835298668, guid: 27359732a6cf128469a884754abfa7ae, type: 3}
      propertyPath: m_LocalRotation.z
      value: 0.002091072
      objectReference: {fileID: 0}
    - target: {fileID: 4245970835298668, guid: 27359732a6cf128469a884754abfa7ae, type: 3}
      propertyPath: m_LocalEulerAnglesHint.x
      value: 0
      objectReference: {fileID: 0}
    - target: {fileID: 4245970835298668, guid: 27359732a6cf128469a884754abfa7ae, type: 3}
      propertyPath: m_LocalEulerAnglesHint.y
      value: 45
      objectReference: {fileID: 0}
    - target: {fileID: 4245970835298668, guid: 27359732a6cf128469a884754abfa7ae, type: 3}
      propertyPath: m_LocalEulerAnglesHint.z
      value: 0
      objectReference: {fileID: 0}
    m_RemovedComponents: []
  m_SourcePrefab: {fileID: 100100000, guid: 27359732a6cf128469a884754abfa7ae, type: 3}
--- !u!4 &2775515539154907143 stripped
Transform:
  m_CorrespondingSourceObject: {fileID: 4245970835298668, guid: 27359732a6cf128469a884754abfa7ae, type: 3}
  m_PrefabInstance: {fileID: 2777464354675288427}
  m_PrefabAsset: {fileID: 0}
--- !u!1001 &3829212845638814359
PrefabInstance:
  m_ObjectHideFlags: 0
  serializedVersion: 2
  m_Modification:
    m_TransformParent: {fileID: 3463957911538480161}
    m_Modifications:
    - target: {fileID: 1793986438166388, guid: 7872fa5d1c5d9104b95158ff7e52074c, type: 3}
      propertyPath: m_Name
      value: SM_Env_TreeDead_03 (46)
      objectReference: {fileID: 0}
    - target: {fileID: 4709603478376902, guid: 7872fa5d1c5d9104b95158ff7e52074c, type: 3}
      propertyPath: m_RootOrder
      value: 14
      objectReference: {fileID: 0}
    - target: {fileID: 4709603478376902, guid: 7872fa5d1c5d9104b95158ff7e52074c, type: 3}
      propertyPath: m_LocalScale.x
      value: 0.98886293
      objectReference: {fileID: 0}
    - target: {fileID: 4709603478376902, guid: 7872fa5d1c5d9104b95158ff7e52074c, type: 3}
      propertyPath: m_LocalScale.z
      value: 0.99786645
      objectReference: {fileID: 0}
    - target: {fileID: 4709603478376902, guid: 7872fa5d1c5d9104b95158ff7e52074c, type: 3}
      propertyPath: m_LocalPosition.x
      value: -10.927226
      objectReference: {fileID: 0}
    - target: {fileID: 4709603478376902, guid: 7872fa5d1c5d9104b95158ff7e52074c, type: 3}
      propertyPath: m_LocalPosition.y
      value: 0
      objectReference: {fileID: 0}
    - target: {fileID: 4709603478376902, guid: 7872fa5d1c5d9104b95158ff7e52074c, type: 3}
      propertyPath: m_LocalPosition.z
      value: -8.217018
      objectReference: {fileID: 0}
    - target: {fileID: 4709603478376902, guid: 7872fa5d1c5d9104b95158ff7e52074c, type: 3}
      propertyPath: m_LocalRotation.w
      value: -0.6418072
      objectReference: {fileID: 0}
    - target: {fileID: 4709603478376902, guid: 7872fa5d1c5d9104b95158ff7e52074c, type: 3}
      propertyPath: m_LocalRotation.x
      value: 0.002136432
      objectReference: {fileID: 0}
    - target: {fileID: 4709603478376902, guid: 7872fa5d1c5d9104b95158ff7e52074c, type: 3}
      propertyPath: m_LocalRotation.y
      value: -0.76686287
      objectReference: {fileID: 0}
    - target: {fileID: 4709603478376902, guid: 7872fa5d1c5d9104b95158ff7e52074c, type: 3}
      propertyPath: m_LocalRotation.z
      value: 0.00045996613
      objectReference: {fileID: 0}
    - target: {fileID: 4709603478376902, guid: 7872fa5d1c5d9104b95158ff7e52074c, type: 3}
      propertyPath: m_LocalEulerAnglesHint.x
      value: -0.117
      objectReference: {fileID: 0}
    - target: {fileID: 4709603478376902, guid: 7872fa5d1c5d9104b95158ff7e52074c, type: 3}
      propertyPath: m_LocalEulerAnglesHint.y
      value: 100.147
      objectReference: {fileID: 0}
    - target: {fileID: 4709603478376902, guid: 7872fa5d1c5d9104b95158ff7e52074c, type: 3}
      propertyPath: m_LocalEulerAnglesHint.z
      value: -0.222
      objectReference: {fileID: 0}
    m_RemovedComponents: []
  m_SourcePrefab: {fileID: 100100000, guid: 7872fa5d1c5d9104b95158ff7e52074c, type: 3}
--- !u!4 &3833869054082718545 stripped
Transform:
  m_CorrespondingSourceObject: {fileID: 4709603478376902, guid: 7872fa5d1c5d9104b95158ff7e52074c, type: 3}
  m_PrefabInstance: {fileID: 3829212845638814359}
  m_PrefabAsset: {fileID: 0}
--- !u!1001 &4986612698030775489
PrefabInstance:
  m_ObjectHideFlags: 0
  serializedVersion: 2
  m_Modification:
    m_TransformParent: {fileID: 3463957911538480161}
    m_Modifications:
    - target: {fileID: 1479789811620544, guid: 11a8fca005aee104a87aa970da6ba9f7, type: 3}
      propertyPath: m_Name
      value: SM_Env_TreeDead_01 (85)
      objectReference: {fileID: 0}
    - target: {fileID: 4408662571517820, guid: 11a8fca005aee104a87aa970da6ba9f7, type: 3}
      propertyPath: m_RootOrder
      value: 10
      objectReference: {fileID: 0}
    - target: {fileID: 4408662571517820, guid: 11a8fca005aee104a87aa970da6ba9f7, type: 3}
      propertyPath: m_LocalScale.x
      value: 0.98740816
      objectReference: {fileID: 0}
    - target: {fileID: 4408662571517820, guid: 11a8fca005aee104a87aa970da6ba9f7, type: 3}
      propertyPath: m_LocalScale.z
      value: 0.99932146
      objectReference: {fileID: 0}
    - target: {fileID: 4408662571517820, guid: 11a8fca005aee104a87aa970da6ba9f7, type: 3}
      propertyPath: m_LocalPosition.x
      value: 0.95106804
      objectReference: {fileID: 0}
    - target: {fileID: 4408662571517820, guid: 11a8fca005aee104a87aa970da6ba9f7, type: 3}
      propertyPath: m_LocalPosition.y
      value: 0
      objectReference: {fileID: 0}
    - target: {fileID: 4408662571517820, guid: 11a8fca005aee104a87aa970da6ba9f7, type: 3}
      propertyPath: m_LocalPosition.z
      value: -1.018214
      objectReference: {fileID: 0}
    - target: {fileID: 4408662571517820, guid: 11a8fca005aee104a87aa970da6ba9f7, type: 3}
      propertyPath: m_LocalRotation.w
      value: -0.99004734
      objectReference: {fileID: 0}
    - target: {fileID: 4408662571517820, guid: 11a8fca005aee104a87aa970da6ba9f7, type: 3}
      propertyPath: m_LocalRotation.x
      value: 0.0015835245
      objectReference: {fileID: 0}
    - target: {fileID: 4408662571517820, guid: 11a8fca005aee104a87aa970da6ba9f7, type: 3}
      propertyPath: m_LocalRotation.y
      value: -0.14071779
      objectReference: {fileID: 0}
    - target: {fileID: 4408662571517820, guid: 11a8fca005aee104a87aa970da6ba9f7, type: 3}
      propertyPath: m_LocalRotation.z
      value: 0.0015061132
      objectReference: {fileID: 0}
    - target: {fileID: 4408662571517820, guid: 11a8fca005aee104a87aa970da6ba9f7, type: 3}
      propertyPath: m_LocalEulerAnglesHint.x
      value: -0.155
      objectReference: {fileID: 0}
    - target: {fileID: 4408662571517820, guid: 11a8fca005aee104a87aa970da6ba9f7, type: 3}
      propertyPath: m_LocalEulerAnglesHint.y
      value: 16.179
      objectReference: {fileID: 0}
    - target: {fileID: 4408662571517820, guid: 11a8fca005aee104a87aa970da6ba9f7, type: 3}
      propertyPath: m_LocalEulerAnglesHint.z
      value: -0.196
      objectReference: {fileID: 0}
    m_RemovedComponents: []
  m_SourcePrefab: {fileID: 100100000, guid: 11a8fca005aee104a87aa970da6ba9f7, type: 3}
--- !u!4 &4988766226736028605 stripped
Transform:
  m_CorrespondingSourceObject: {fileID: 4408662571517820, guid: 11a8fca005aee104a87aa970da6ba9f7, type: 3}
  m_PrefabInstance: {fileID: 4986612698030775489}
  m_PrefabAsset: {fileID: 0}
--- !u!1001 &5074333811303641306
PrefabInstance:
  m_ObjectHideFlags: 0
  serializedVersion: 2
  m_Modification:
    m_TransformParent: {fileID: 3463957911538480161}
    m_Modifications:
    - target: {fileID: 1479789811620544, guid: 11a8fca005aee104a87aa970da6ba9f7, type: 3}
      propertyPath: m_Name
      value: SM_Env_TreeDead_01 (83)
      objectReference: {fileID: 0}
    - target: {fileID: 4408662571517820, guid: 11a8fca005aee104a87aa970da6ba9f7, type: 3}
      propertyPath: m_RootOrder
      value: 4
      objectReference: {fileID: 0}
    - target: {fileID: 4408662571517820, guid: 11a8fca005aee104a87aa970da6ba9f7, type: 3}
      propertyPath: m_LocalScale.x
      value: 0.9940239
      objectReference: {fileID: 0}
    - target: {fileID: 4408662571517820, guid: 11a8fca005aee104a87aa970da6ba9f7, type: 3}
      propertyPath: m_LocalScale.z
      value: 0.9927059
      objectReference: {fileID: 0}
    - target: {fileID: 4408662571517820, guid: 11a8fca005aee104a87aa970da6ba9f7, type: 3}
      propertyPath: m_LocalPosition.x
      value: -6.06
      objectReference: {fileID: 0}
    - target: {fileID: 4408662571517820, guid: 11a8fca005aee104a87aa970da6ba9f7, type: 3}
      propertyPath: m_LocalPosition.y
      value: 0
      objectReference: {fileID: 0}
    - target: {fileID: 4408662571517820, guid: 11a8fca005aee104a87aa970da6ba9f7, type: 3}
      propertyPath: m_LocalPosition.z
      value: -5.5
      objectReference: {fileID: 0}
    - target: {fileID: 4408662571517820, guid: 11a8fca005aee104a87aa970da6ba9f7, type: 3}
      propertyPath: m_LocalRotation.w
      value: -0.8671584
      objectReference: {fileID: 0}
    - target: {fileID: 4408662571517820, guid: 11a8fca005aee104a87aa970da6ba9f7, type: 3}
      propertyPath: m_LocalRotation.x
      value: 0.0020455774
      objectReference: {fileID: 0}
    - target: {fileID: 4408662571517820, guid: 11a8fca005aee104a87aa970da6ba9f7, type: 3}
      propertyPath: m_LocalRotation.y
      value: 0.49802756
      objectReference: {fileID: 0}
    - target: {fileID: 4408662571517820, guid: 11a8fca005aee104a87aa970da6ba9f7, type: 3}
      propertyPath: m_LocalRotation.z
      value: 0.00076911214
      objectReference: {fileID: 0}
    - target: {fileID: 4408662571517820, guid: 11a8fca005aee104a87aa970da6ba9f7, type: 3}
      propertyPath: m_LocalEulerAnglesHint.x
      value: 0
      objectReference: {fileID: 0}
    - target: {fileID: 4408662571517820, guid: 11a8fca005aee104a87aa970da6ba9f7, type: 3}
      propertyPath: m_LocalEulerAnglesHint.y
      value: -60
      objectReference: {fileID: 0}
    - target: {fileID: 4408662571517820, guid: 11a8fca005aee104a87aa970da6ba9f7, type: 3}
      propertyPath: m_LocalEulerAnglesHint.z
      value: 0
      objectReference: {fileID: 0}
    m_RemovedComponents: []
  m_SourcePrefab: {fileID: 100100000, guid: 11a8fca005aee104a87aa970da6ba9f7, type: 3}
--- !u!4 &5072194545832392614 stripped
Transform:
  m_CorrespondingSourceObject: {fileID: 4408662571517820, guid: 11a8fca005aee104a87aa970da6ba9f7, type: 3}
  m_PrefabInstance: {fileID: 5074333811303641306}
  m_PrefabAsset: {fileID: 0}
--- !u!1001 &5112240239405384684
PrefabInstance:
  m_ObjectHideFlags: 0
  serializedVersion: 2
  m_Modification:
    m_TransformParent: {fileID: 3463957911538480161}
    m_Modifications:
    - target: {fileID: 1818209262835300, guid: 27359732a6cf128469a884754abfa7ae, type: 3}
      propertyPath: m_Name
      value: SM_Env_TreeDead_02 (61)
      objectReference: {fileID: 0}
    - target: {fileID: 4245970835298668, guid: 27359732a6cf128469a884754abfa7ae, type: 3}
      propertyPath: m_RootOrder
      value: 8
      objectReference: {fileID: 0}
    - target: {fileID: 4245970835298668, guid: 27359732a6cf128469a884754abfa7ae, type: 3}
      propertyPath: m_LocalScale.x
      value: 0.98797655
      objectReference: {fileID: 0}
    - target: {fileID: 4245970835298668, guid: 27359732a6cf128469a884754abfa7ae, type: 3}
      propertyPath: m_LocalScale.z
      value: 0.99875295
      objectReference: {fileID: 0}
    - target: {fileID: 4245970835298668, guid: 27359732a6cf128469a884754abfa7ae, type: 3}
      propertyPath: m_LocalPosition.x
      value: 7.6168356
      objectReference: {fileID: 0}
    - target: {fileID: 4245970835298668, guid: 27359732a6cf128469a884754abfa7ae, type: 3}
      propertyPath: m_LocalPosition.y
      value: 0
      objectReference: {fileID: 0}
    - target: {fileID: 4245970835298668, guid: 27359732a6cf128469a884754abfa7ae, type: 3}
      propertyPath: m_LocalPosition.z
      value: -7.5169616
      objectReference: {fileID: 0}
    - target: {fileID: 4245970835298668, guid: 27359732a6cf128469a884754abfa7ae, type: 3}
      propertyPath: m_LocalRotation.w
      value: -0.70871246
      objectReference: {fileID: 0}
    - target: {fileID: 4245970835298668, guid: 27359732a6cf128469a884754abfa7ae, type: 3}
      propertyPath: m_LocalRotation.x
      value: 0.0009025987
      objectReference: {fileID: 0}
    - target: {fileID: 4245970835298668, guid: 27359732a6cf128469a884754abfa7ae, type: 3}
      propertyPath: m_LocalRotation.y
      value: 0.705494
      objectReference: {fileID: 0}
    - target: {fileID: 4245970835298668, guid: 27359732a6cf128469a884754abfa7ae, type: 3}
      propertyPath: m_LocalRotation.z
      value: 0.0019902866
      objectReference: {fileID: 0}
    - target: {fileID: 4245970835298668, guid: 27359732a6cf128469a884754abfa7ae, type: 3}
      propertyPath: m_LocalEulerAnglesHint.x
      value: -0.234
      objectReference: {fileID: 0}
    - target: {fileID: 4245970835298668, guid: 27359732a6cf128469a884754abfa7ae, type: 3}
      propertyPath: m_LocalEulerAnglesHint.y
      value: -89.739
      objectReference: {fileID: 0}
    - target: {fileID: 4245970835298668, guid: 27359732a6cf128469a884754abfa7ae, type: 3}
      propertyPath: m_LocalEulerAnglesHint.z
      value: -0.089
      objectReference: {fileID: 0}
    m_RemovedComponents: []
  m_SourcePrefab: {fileID: 100100000, guid: 27359732a6cf128469a884754abfa7ae, type: 3}
--- !u!4 &5115322651386714752 stripped
Transform:
  m_CorrespondingSourceObject: {fileID: 4245970835298668, guid: 27359732a6cf128469a884754abfa7ae, type: 3}
  m_PrefabInstance: {fileID: 5112240239405384684}
  m_PrefabAsset: {fileID: 0}
--- !u!1001 &5223552381019646398
PrefabInstance:
  m_ObjectHideFlags: 0
  serializedVersion: 2
  m_Modification:
    m_TransformParent: {fileID: 3463957911538480161}
    m_Modifications:
    - target: {fileID: 1793986438166388, guid: 7872fa5d1c5d9104b95158ff7e52074c, type: 3}
      propertyPath: m_Name
      value: SM_Env_TreeDead_03 (42)
      objectReference: {fileID: 0}
    - target: {fileID: 4709603478376902, guid: 7872fa5d1c5d9104b95158ff7e52074c, type: 3}
      propertyPath: m_RootOrder
      value: 6
      objectReference: {fileID: 0}
    - target: {fileID: 4709603478376902, guid: 7872fa5d1c5d9104b95158ff7e52074c, type: 3}
      propertyPath: m_LocalScale.x
      value: 0.99823904
      objectReference: {fileID: 0}
    - target: {fileID: 4709603478376902, guid: 7872fa5d1c5d9104b95158ff7e52074c, type: 3}
      propertyPath: m_LocalScale.z
      value: 0.9884907
      objectReference: {fileID: 0}
    - target: {fileID: 4709603478376902, guid: 7872fa5d1c5d9104b95158ff7e52074c, type: 3}
      propertyPath: m_LocalPosition.x
      value: -11.192776
      objectReference: {fileID: 0}
    - target: {fileID: 4709603478376902, guid: 7872fa5d1c5d9104b95158ff7e52074c, type: 3}
      propertyPath: m_LocalPosition.y
      value: 0
      objectReference: {fileID: 0}
    - target: {fileID: 4709603478376902, guid: 7872fa5d1c5d9104b95158ff7e52074c, type: 3}
      propertyPath: m_LocalPosition.z
      value: 1.4229531
      objectReference: {fileID: 0}
    - target: {fileID: 4709603478376902, guid: 7872fa5d1c5d9104b95158ff7e52074c, type: 3}
      propertyPath: m_LocalRotation.w
      value: -0.97287863
      objectReference: {fileID: 0}
    - target: {fileID: 4709603478376902, guid: 7872fa5d1c5d9104b95158ff7e52074c, type: 3}
      propertyPath: m_LocalRotation.x
      value: -0.00014671044
      objectReference: {fileID: 0}
    - target: {fileID: 4709603478376902, guid: 7872fa5d1c5d9104b95158ff7e52074c, type: 3}
      propertyPath: m_LocalRotation.y
      value: -0.23130597
      objectReference: {fileID: 0}
    - target: {fileID: 4709603478376902, guid: 7872fa5d1c5d9104b95158ff7e52074c, type: 3}
      propertyPath: m_LocalRotation.z
      value: 0.002180458
      objectReference: {fileID: 0}
    - target: {fileID: 4709603478376902, guid: 7872fa5d1c5d9104b95158ff7e52074c, type: 3}
      propertyPath: m_LocalEulerAnglesHint.x
      value: 0.074
      objectReference: {fileID: 0}
    - target: {fileID: 4709603478376902, guid: 7872fa5d1c5d9104b95158ff7e52074c, type: 3}
      propertyPath: m_LocalEulerAnglesHint.y
      value: 26.748
      objectReference: {fileID: 0}
    - target: {fileID: 4709603478376902, guid: 7872fa5d1c5d9104b95158ff7e52074c, type: 3}
      propertyPath: m_LocalEulerAnglesHint.z
      value: -0.239
      objectReference: {fileID: 0}
    m_RemovedComponents: []
  m_SourcePrefab: {fileID: 100100000, guid: 7872fa5d1c5d9104b95158ff7e52074c, type: 3}
--- !u!4 &5218953347248093304 stripped
Transform:
  m_CorrespondingSourceObject: {fileID: 4709603478376902, guid: 7872fa5d1c5d9104b95158ff7e52074c, type: 3}
  m_PrefabInstance: {fileID: 5223552381019646398}
  m_PrefabAsset: {fileID: 0}
--- !u!1001 &5611958661752191409
PrefabInstance:
  m_ObjectHideFlags: 0
  serializedVersion: 2
  m_Modification:
    m_TransformParent: {fileID: 3463957911538480161}
    m_Modifications:
    - target: {fileID: 1793986438166388, guid: 7872fa5d1c5d9104b95158ff7e52074c, type: 3}
      propertyPath: m_Name
      value: SM_Env_TreeDead_03 (43)
      objectReference: {fileID: 0}
    - target: {fileID: 4709603478376902, guid: 7872fa5d1c5d9104b95158ff7e52074c, type: 3}
      propertyPath: m_RootOrder
      value: 7
      objectReference: {fileID: 0}
    - target: {fileID: 4709603478376902, guid: 7872fa5d1c5d9104b95158ff7e52074c, type: 3}
      propertyPath: m_LocalScale.x
      value: 0.98886293
      objectReference: {fileID: 0}
    - target: {fileID: 4709603478376902, guid: 7872fa5d1c5d9104b95158ff7e52074c, type: 3}
      propertyPath: m_LocalScale.z
      value: 0.99786645
      objectReference: {fileID: 0}
    - target: {fileID: 4709603478376902, guid: 7872fa5d1c5d9104b95158ff7e52074c, type: 3}
      propertyPath: m_LocalPosition.x
      value: 0.1
      objectReference: {fileID: 0}
    - target: {fileID: 4709603478376902, guid: 7872fa5d1c5d9104b95158ff7e52074c, type: 3}
      propertyPath: m_LocalPosition.y
      value: 0
      objectReference: {fileID: 0}
    - target: {fileID: 4709603478376902, guid: 7872fa5d1c5d9104b95158ff7e52074c, type: 3}
      propertyPath: m_LocalPosition.z
      value: -8.38
      objectReference: {fileID: 0}
    - target: {fileID: 4709603478376902, guid: 7872fa5d1c5d9104b95158ff7e52074c, type: 3}
      propertyPath: m_LocalRotation.w
      value: -0.99474704
      objectReference: {fileID: 0}
    - target: {fileID: 4709603478376902, guid: 7872fa5d1c5d9104b95158ff7e52074c, type: 3}
      propertyPath: m_LocalRotation.x
      value: 0.0012109852
      objectReference: {fileID: 0}
    - target: {fileID: 4709603478376902, guid: 7872fa5d1c5d9104b95158ff7e52074c, type: 3}
      propertyPath: m_LocalRotation.y
      value: -0.102340646
      objectReference: {fileID: 0}
    - target: {fileID: 4709603478376902, guid: 7872fa5d1c5d9104b95158ff7e52074c, type: 3}
      propertyPath: m_LocalRotation.z
      value: 0.0018191853
      objectReference: {fileID: 0}
    - target: {fileID: 4709603478376902, guid: 7872fa5d1c5d9104b95158ff7e52074c, type: 3}
      propertyPath: m_LocalEulerAnglesHint.x
      value: 0
      objectReference: {fileID: 0}
    - target: {fileID: 4709603478376902, guid: 7872fa5d1c5d9104b95158ff7e52074c, type: 3}
      propertyPath: m_LocalEulerAnglesHint.y
      value: 11.487
      objectReference: {fileID: 0}
    - target: {fileID: 4709603478376902, guid: 7872fa5d1c5d9104b95158ff7e52074c, type: 3}
      propertyPath: m_LocalEulerAnglesHint.z
      value: 0
      objectReference: {fileID: 0}
    m_RemovedComponents: []
  m_SourcePrefab: {fileID: 100100000, guid: 7872fa5d1c5d9104b95158ff7e52074c, type: 3}
--- !u!4 &5616294362481092727 stripped
Transform:
  m_CorrespondingSourceObject: {fileID: 4709603478376902, guid: 7872fa5d1c5d9104b95158ff7e52074c, type: 3}
  m_PrefabInstance: {fileID: 5611958661752191409}
  m_PrefabAsset: {fileID: 0}
--- !u!1001 &6659597134331840513
PrefabInstance:
  m_ObjectHideFlags: 0
  serializedVersion: 2
  m_Modification:
    m_TransformParent: {fileID: 3463957911538480161}
    m_Modifications:
    - target: {fileID: 1793986438166388, guid: 7872fa5d1c5d9104b95158ff7e52074c, type: 3}
      propertyPath: m_Name
      value: SM_Env_TreeDead_03 (44)
      objectReference: {fileID: 0}
    - target: {fileID: 4709603478376902, guid: 7872fa5d1c5d9104b95158ff7e52074c, type: 3}
      propertyPath: m_RootOrder
      value: 11
      objectReference: {fileID: 0}
    - target: {fileID: 4709603478376902, guid: 7872fa5d1c5d9104b95158ff7e52074c, type: 3}
      propertyPath: m_LocalScale.x
      value: 0.99984175
      objectReference: {fileID: 0}
    - target: {fileID: 4709603478376902, guid: 7872fa5d1c5d9104b95158ff7e52074c, type: 3}
      propertyPath: m_LocalScale.z
      value: 0.9868878
      objectReference: {fileID: 0}
    - target: {fileID: 4709603478376902, guid: 7872fa5d1c5d9104b95158ff7e52074c, type: 3}
      propertyPath: m_LocalPosition.x
      value: 2.7587626
      objectReference: {fileID: 0}
    - target: {fileID: 4709603478376902, guid: 7872fa5d1c5d9104b95158ff7e52074c, type: 3}
      propertyPath: m_LocalPosition.y
      value: 0
      objectReference: {fileID: 0}
    - target: {fileID: 4709603478376902, guid: 7872fa5d1c5d9104b95158ff7e52074c, type: 3}
      propertyPath: m_LocalPosition.z
      value: -4.274122
      objectReference: {fileID: 0}
    - target: {fileID: 4709603478376902, guid: 7872fa5d1c5d9104b95158ff7e52074c, type: 3}
      propertyPath: m_LocalRotation.w
      value: -0.9584325
      objectReference: {fileID: 0}
    - target: {fileID: 4709603478376902, guid: 7872fa5d1c5d9104b95158ff7e52074c, type: 3}
      propertyPath: m_LocalRotation.x
      value: -0.001646771
      objectReference: {fileID: 0}
    - target: {fileID: 4709603478376902, guid: 7872fa5d1c5d9104b95158ff7e52074c, type: 3}
      propertyPath: m_LocalRotation.y
      value: 0.28531104
      objectReference: {fileID: 0}
    - target: {fileID: 4709603478376902, guid: 7872fa5d1c5d9104b95158ff7e52074c, type: 3}
      propertyPath: m_LocalRotation.z
      value: 0.001436686
      objectReference: {fileID: 0}
    - target: {fileID: 4709603478376902, guid: 7872fa5d1c5d9104b95158ff7e52074c, type: 3}
      propertyPath: m_LocalEulerAnglesHint.x
      value: 0.134
      objectReference: {fileID: 0}
    - target: {fileID: 4709603478376902, guid: 7872fa5d1c5d9104b95158ff7e52074c, type: 3}
      propertyPath: m_LocalEulerAnglesHint.y
      value: -33.155
      objectReference: {fileID: 0}
    - target: {fileID: 4709603478376902, guid: 7872fa5d1c5d9104b95158ff7e52074c, type: 3}
      propertyPath: m_LocalEulerAnglesHint.z
      value: -0.212
      objectReference: {fileID: 0}
    m_RemovedComponents: []
  m_SourcePrefab: {fileID: 100100000, guid: 7872fa5d1c5d9104b95158ff7e52074c, type: 3}
--- !u!4 &6663954241185618375 stripped
Transform:
  m_CorrespondingSourceObject: {fileID: 4709603478376902, guid: 7872fa5d1c5d9104b95158ff7e52074c, type: 3}
  m_PrefabInstance: {fileID: 6659597134331840513}
  m_PrefabAsset: {fileID: 0}
--- !u!1001 &7499252723792271070
PrefabInstance:
  m_ObjectHideFlags: 0
  serializedVersion: 2
  m_Modification:
    m_TransformParent: {fileID: 3463957911538480161}
    m_Modifications:
    - target: {fileID: 1818209262835300, guid: 27359732a6cf128469a884754abfa7ae, type: 3}
      propertyPath: m_Name
      value: SM_Env_TreeDead_02 (62)
      objectReference: {fileID: 0}
    - target: {fileID: 4245970835298668, guid: 27359732a6cf128469a884754abfa7ae, type: 3}
      propertyPath: m_RootOrder
      value: 12
      objectReference: {fileID: 0}
    - target: {fileID: 4245970835298668, guid: 27359732a6cf128469a884754abfa7ae, type: 3}
      propertyPath: m_LocalScale.x
      value: 0.98797655
      objectReference: {fileID: 0}
    - target: {fileID: 4245970835298668, guid: 27359732a6cf128469a884754abfa7ae, type: 3}
      propertyPath: m_LocalScale.z
      value: 0.99875295
      objectReference: {fileID: 0}
    - target: {fileID: 4245970835298668, guid: 27359732a6cf128469a884754abfa7ae, type: 3}
      propertyPath: m_LocalPosition.x
      value: 4.9816833
      objectReference: {fileID: 0}
    - target: {fileID: 4245970835298668, guid: 27359732a6cf128469a884754abfa7ae, type: 3}
      propertyPath: m_LocalPosition.y
      value: 0
      objectReference: {fileID: 0}
    - target: {fileID: 4245970835298668, guid: 27359732a6cf128469a884754abfa7ae, type: 3}
      propertyPath: m_LocalPosition.z
      value: 3.9797072
      objectReference: {fileID: 0}
    - target: {fileID: 4245970835298668, guid: 27359732a6cf128469a884754abfa7ae, type: 3}
      propertyPath: m_LocalRotation.w
      value: -0.6105641
      objectReference: {fileID: 0}
    - target: {fileID: 4245970835298668, guid: 27359732a6cf128469a884754abfa7ae, type: 3}
      propertyPath: m_LocalRotation.x
      value: 0.00063509314
      objectReference: {fileID: 0}
    - target: {fileID: 4245970835298668, guid: 27359732a6cf128469a884754abfa7ae, type: 3}
      propertyPath: m_LocalRotation.y
      value: 0.7919638
      objectReference: {fileID: 0}
    - target: {fileID: 4245970835298668, guid: 27359732a6cf128469a884754abfa7ae, type: 3}
      propertyPath: m_LocalRotation.z
      value: 0.002091074
      objectReference: {fileID: 0}
    - target: {fileID: 4245970835298668, guid: 27359732a6cf128469a884754abfa7ae, type: 3}
      propertyPath: m_LocalEulerAnglesHint.x
      value: -0.234
      objectReference: {fileID: 0}
    - target: {fileID: 4245970835298668, guid: 27359732a6cf128469a884754abfa7ae, type: 3}
      propertyPath: m_LocalEulerAnglesHint.y
      value: -104.739
      objectReference: {fileID: 0}
    - target: {fileID: 4245970835298668, guid: 27359732a6cf128469a884754abfa7ae, type: 3}
      propertyPath: m_LocalEulerAnglesHint.z
      value: -0.089
      objectReference: {fileID: 0}
    m_RemovedComponents: []
  m_SourcePrefab: {fileID: 100100000, guid: 27359732a6cf128469a884754abfa7ae, type: 3}
--- !u!4 &7502336372525076402 stripped
Transform:
  m_CorrespondingSourceObject: {fileID: 4245970835298668, guid: 27359732a6cf128469a884754abfa7ae, type: 3}
  m_PrefabInstance: {fileID: 7499252723792271070}
  m_PrefabAsset: {fileID: 0}
--- !u!1001 &8303599685819571059
PrefabInstance:
  m_ObjectHideFlags: 0
  serializedVersion: 2
  m_Modification:
    m_TransformParent: {fileID: 3463957911538480161}
    m_Modifications:
    - target: {fileID: 1479789811620544, guid: 11a8fca005aee104a87aa970da6ba9f7, type: 3}
      propertyPath: m_Name
      value: SM_Env_TreeDead_01 (81)
      objectReference: {fileID: 0}
    - target: {fileID: 4408662571517820, guid: 11a8fca005aee104a87aa970da6ba9f7, type: 3}
      propertyPath: m_RootOrder
      value: 0
      objectReference: {fileID: 0}
    - target: {fileID: 4408662571517820, guid: 11a8fca005aee104a87aa970da6ba9f7, type: 3}
      propertyPath: m_LocalScale.x
      value: 0.9873176
      objectReference: {fileID: 0}
    - target: {fileID: 4408662571517820, guid: 11a8fca005aee104a87aa970da6ba9f7, type: 3}
      propertyPath: m_LocalScale.z
      value: 0.99941206
      objectReference: {fileID: 0}
    - target: {fileID: 4408662571517820, guid: 11a8fca005aee104a87aa970da6ba9f7, type: 3}
      propertyPath: m_LocalPosition.x
      value: 6.189679
      objectReference: {fileID: 0}
    - target: {fileID: 4408662571517820, guid: 11a8fca005aee104a87aa970da6ba9f7, type: 3}
      propertyPath: m_LocalPosition.y
      value: 0
      objectReference: {fileID: 0}
    - target: {fileID: 4408662571517820, guid: 11a8fca005aee104a87aa970da6ba9f7, type: 3}
      propertyPath: m_LocalPosition.z
      value: -0.066449404
      objectReference: {fileID: 0}
    - target: {fileID: 4408662571517820, guid: 11a8fca005aee104a87aa970da6ba9f7, type: 3}
      propertyPath: m_LocalRotation.w
      value: -0.99114305
      objectReference: {fileID: 0}
    - target: {fileID: 4408662571517820, guid: 11a8fca005aee104a87aa970da6ba9f7, type: 3}
      propertyPath: m_LocalRotation.x
      value: 0.0015955388
      objectReference: {fileID: 0}
    - target: {fileID: 4408662571517820, guid: 11a8fca005aee104a87aa970da6ba9f7, type: 3}
      propertyPath: m_LocalRotation.y
      value: -0.13278078
      objectReference: {fileID: 0}
    - target: {fileID: 4408662571517820, guid: 11a8fca005aee104a87aa970da6ba9f7, type: 3}
      propertyPath: m_LocalRotation.z
      value: 0.0014933761
      objectReference: {fileID: 0}
    - target: {fileID: 4408662571517820, guid: 11a8fca005aee104a87aa970da6ba9f7, type: 3}
      propertyPath: m_LocalEulerAnglesHint.x
      value: -0.158
      objectReference: {fileID: 0}
    - target: {fileID: 4408662571517820, guid: 11a8fca005aee104a87aa970da6ba9f7, type: 3}
      propertyPath: m_LocalEulerAnglesHint.y
      value: 15.261
      objectReference: {fileID: 0}
    - target: {fileID: 4408662571517820, guid: 11a8fca005aee104a87aa970da6ba9f7, type: 3}
      propertyPath: m_LocalEulerAnglesHint.z
      value: -0.194
      objectReference: {fileID: 0}
    m_RemovedComponents: []
  m_SourcePrefab: {fileID: 100100000, guid: 11a8fca005aee104a87aa970da6ba9f7, type: 3}
--- !u!4 &8301231755500755983 stripped
Transform:
  m_CorrespondingSourceObject: {fileID: 4408662571517820, guid: 11a8fca005aee104a87aa970da6ba9f7, type: 3}
  m_PrefabInstance: {fileID: 8303599685819571059}
  m_PrefabAsset: {fileID: 0}
--- !u!1001 &8881892346694667183
PrefabInstance:
  m_ObjectHideFlags: 0
  serializedVersion: 2
  m_Modification:
    m_TransformParent: {fileID: 3463957911538480161}
    m_Modifications:
    - target: {fileID: 1818209262835300, guid: 27359732a6cf128469a884754abfa7ae, type: 3}
      propertyPath: m_Name
      value: SM_Env_TreeDead_02 (59)
      objectReference: {fileID: 0}
    - target: {fileID: 4245970835298668, guid: 27359732a6cf128469a884754abfa7ae, type: 3}
      propertyPath: m_RootOrder
      value: 2
      objectReference: {fileID: 0}
    - target: {fileID: 4245970835298668, guid: 27359732a6cf128469a884754abfa7ae, type: 3}
      propertyPath: m_LocalScale.x
      value: 0.98797655
      objectReference: {fileID: 0}
    - target: {fileID: 4245970835298668, guid: 27359732a6cf128469a884754abfa7ae, type: 3}
      propertyPath: m_LocalScale.z
      value: 0.99875295
      objectReference: {fileID: 0}
    - target: {fileID: 4245970835298668, guid: 27359732a6cf128469a884754abfa7ae, type: 3}
      propertyPath: m_LocalPosition.x
      value: -5.56
      objectReference: {fileID: 0}
    - target: {fileID: 4245970835298668, guid: 27359732a6cf128469a884754abfa7ae, type: 3}
      propertyPath: m_LocalPosition.y
      value: 0.042938232
      objectReference: {fileID: 0}
    - target: {fileID: 4245970835298668, guid: 27359732a6cf128469a884754abfa7ae, type: 3}
      propertyPath: m_LocalPosition.z
      value: 0.2
      objectReference: {fileID: 0}
    - target: {fileID: 4245970835298668, guid: 27359732a6cf128469a884754abfa7ae, type: 3}
      propertyPath: m_LocalRotation.w
      value: -0.9665098
      objectReference: {fileID: 0}
    - target: {fileID: 4245970835298668, guid: 27359732a6cf128469a884754abfa7ae, type: 3}
      propertyPath: m_LocalRotation.x
      value: 0.0017768146
      objectReference: {fileID: 0}
    - target: {fileID: 4245970835298668, guid: 27359732a6cf128469a884754abfa7ae, type: 3}
      propertyPath: m_LocalRotation.y
      value: 0.2566205
      objectReference: {fileID: 0}
    - target: {fileID: 4245970835298668, guid: 27359732a6cf128469a884754abfa7ae, type: 3}
      propertyPath: m_LocalRotation.z
      value: 0.0012723401
      objectReference: {fileID: 0}
    - target: {fileID: 4245970835298668, guid: 27359732a6cf128469a884754abfa7ae, type: 3}
      propertyPath: m_LocalEulerAnglesHint.x
      value: 0
      objectReference: {fileID: 0}
    - target: {fileID: 4245970835298668, guid: 27359732a6cf128469a884754abfa7ae, type: 3}
      propertyPath: m_LocalEulerAnglesHint.y
      value: -30
      objectReference: {fileID: 0}
    - target: {fileID: 4245970835298668, guid: 27359732a6cf128469a884754abfa7ae, type: 3}
      propertyPath: m_LocalEulerAnglesHint.z
      value: 0
      objectReference: {fileID: 0}
    m_RemovedComponents: []
  m_SourcePrefab: {fileID: 100100000, guid: 27359732a6cf128469a884754abfa7ae, type: 3}
--- !u!4 &8884977232668414659 stripped
Transform:
  m_CorrespondingSourceObject: {fileID: 4245970835298668, guid: 27359732a6cf128469a884754abfa7ae, type: 3}
  m_PrefabInstance: {fileID: 8881892346694667183}
  m_PrefabAsset: {fileID: 0}
