%YAML 1.1
%TAG !u! tag:unity3d.com,2011:
--- !u!1 &354230039767263536
GameObject:
  m_ObjectHideFlags: 0
  m_CorrespondingSourceObject: {fileID: 0}
  m_PrefabInstance: {fileID: 0}
  m_PrefabAsset: {fileID: 0}
  serializedVersion: 6
  m_Component:
  - component: {fileID: 6179311355337268395}
  - component: {fileID: 6320938160012402549}
  - component: {fileID: 2770894576499993041}
  m_Layer: 0
  m_Name: Grass 03 (1)
  m_TagString: Untagged
  m_Icon: {fileID: 0}
  m_NavMeshLayer: 0
  m_StaticEditorFlags: 0
  m_IsActive: 1
--- !u!4 &6179311355337268395
Transform:
  m_ObjectHideFlags: 0
  m_CorrespondingSourceObject: {fileID: 0}
  m_PrefabInstance: {fileID: 0}
  m_PrefabAsset: {fileID: 0}
  m_GameObject: {fileID: 354230039767263536}
  m_LocalRotation: {x: 0.0000018099951, y: -0, z: -0, w: 1}
  m_LocalPosition: {x: 0, y: 0, z: 0}
  m_LocalScale: {x: 1, y: 1, z: 1}
  m_Children: []
  m_Father: {fileID: 1176263516843844495}
  m_RootOrder: 0
  m_LocalEulerAnglesHint: {x: 0, y: 0, z: 0}
--- !u!33 &6320938160012402549
MeshFilter:
  m_ObjectHideFlags: 0
  m_CorrespondingSourceObject: {fileID: 0}
  m_PrefabInstance: {fileID: 0}
  m_PrefabAsset: {fileID: 0}
  m_GameObject: {fileID: 354230039767263536}
  m_Mesh: {fileID: 4300018, guid: c03a558d6a5b67a42a09d717328570cd, type: 3}
--- !u!23 &2770894576499993041
MeshRenderer:
  m_ObjectHideFlags: 0
  m_CorrespondingSourceObject: {fileID: 0}
  m_PrefabInstance: {fileID: 0}
  m_PrefabAsset: {fileID: 0}
  m_GameObject: {fileID: 354230039767263536}
  m_Enabled: 1
  m_CastShadows: 1
  m_ReceiveShadows: 1
  m_DynamicOccludee: 1
  m_MotionVectors: 1
  m_LightProbeUsage: 1
  m_ReflectionProbeUsage: 1
  m_RayTracingMode: 2
  m_RayTraceProcedural: 0
  m_RenderingLayerMask: 1
  m_RendererPriority: 0
  m_Materials:
  - {fileID: 2100000, guid: be13ca1e8145cd44dac27f8458a59d42, type: 2}
  m_StaticBatchInfo:
    firstSubMesh: 0
    subMeshCount: 0
  m_StaticBatchRoot: {fileID: 0}
  m_ProbeAnchor: {fileID: 0}
  m_LightProbeVolumeOverride: {fileID: 0}
  m_ScaleInLightmap: 1
  m_ReceiveGI: 1
  m_PreserveUVs: 0
  m_IgnoreNormalsForChartDetection: 0
  m_ImportantGI: 0
  m_StitchLightmapSeams: 1
  m_SelectedEditorRenderState: 3
  m_MinimumChartSize: 4
  m_AutoUVMaxDistance: 0.5
  m_AutoUVMaxAngle: 89
  m_LightmapParameters: {fileID: 0}
  m_SortingLayerID: 0
  m_SortingLayer: 0
  m_SortingOrder: 0
  m_AdditionalVertexStreams: {fileID: 0}
--- !u!1 &1808512342097705178
GameObject:
  m_ObjectHideFlags: 0
  m_CorrespondingSourceObject: {fileID: 0}
  m_PrefabInstance: {fileID: 0}
  m_PrefabAsset: {fileID: 0}
  serializedVersion: 6
  m_Component:
  - component: {fileID: 2190364364936745387}
  - component: {fileID: 1138625347230378412}
  - component: {fileID: 8782575925698108484}
  m_Layer: 0
  m_Name: Grass 06 (1)
  m_TagString: Untagged
  m_Icon: {fileID: 0}
  m_NavMeshLayer: 0
  m_StaticEditorFlags: 0
  m_IsActive: 1
--- !u!4 &2190364364936745387
Transform:
  m_ObjectHideFlags: 0
  m_CorrespondingSourceObject: {fileID: 0}
  m_PrefabInstance: {fileID: 0}
  m_PrefabAsset: {fileID: 0}
  m_GameObject: {fileID: 1808512342097705178}
  m_LocalRotation: {x: 0.0000018099951, y: -0, z: -0, w: 1}
  m_LocalPosition: {x: 0, y: 0, z: 0}
  m_LocalScale: {x: 1, y: 1, z: 1}
  m_Children: []
  m_Father: {fileID: 1176263516843844495}
  m_RootOrder: 1
  m_LocalEulerAnglesHint: {x: 0, y: 0, z: 0}
--- !u!33 &1138625347230378412
MeshFilter:
  m_ObjectHideFlags: 0
  m_CorrespondingSourceObject: {fileID: 0}
  m_PrefabInstance: {fileID: 0}
  m_PrefabAsset: {fileID: 0}
  m_GameObject: {fileID: 1808512342097705178}
  m_Mesh: {fileID: 4300002, guid: c03a558d6a5b67a42a09d717328570cd, type: 3}
--- !u!23 &8782575925698108484
MeshRenderer:
  m_ObjectHideFlags: 0
  m_CorrespondingSourceObject: {fileID: 0}
  m_PrefabInstance: {fileID: 0}
  m_PrefabAsset: {fileID: 0}
  m_GameObject: {fileID: 1808512342097705178}
  m_Enabled: 1
  m_CastShadows: 1
  m_ReceiveShadows: 1
  m_DynamicOccludee: 1
  m_MotionVectors: 1
  m_LightProbeUsage: 1
  m_ReflectionProbeUsage: 1
  m_RayTracingMode: 2
  m_RayTraceProcedural: 0
  m_RenderingLayerMask: 1
  m_RendererPriority: 0
  m_Materials:
  - {fileID: 2100000, guid: be13ca1e8145cd44dac27f8458a59d42, type: 2}
  m_StaticBatchInfo:
    firstSubMesh: 0
    subMeshCount: 0
  m_StaticBatchRoot: {fileID: 0}
  m_ProbeAnchor: {fileID: 0}
  m_LightProbeVolumeOverride: {fileID: 0}
  m_ScaleInLightmap: 1
  m_ReceiveGI: 1
  m_PreserveUVs: 0
  m_IgnoreNormalsForChartDetection: 0
  m_ImportantGI: 0
  m_StitchLightmapSeams: 1
  m_SelectedEditorRenderState: 3
  m_MinimumChartSize: 4
  m_AutoUVMaxDistance: 0.5
  m_AutoUVMaxAngle: 89
  m_LightmapParameters: {fileID: 0}
  m_SortingLayerID: 0
  m_SortingLayer: 0
  m_SortingOrder: 0
  m_AdditionalVertexStreams: {fileID: 0}
--- !u!1 &4819044960737358276
GameObject:
  m_ObjectHideFlags: 0
  m_CorrespondingSourceObject: {fileID: 0}
  m_PrefabInstance: {fileID: 0}
  m_PrefabAsset: {fileID: 0}
  serializedVersion: 6
  m_Component:
  - component: {fileID: 1176263516843844495}
  m_Layer: 0
  m_Name: GrassPlantStone 1
  m_TagString: Untagged
  m_Icon: {fileID: 0}
  m_NavMeshLayer: 0
  m_StaticEditorFlags: 0
  m_IsActive: 1
--- !u!4 &1176263516843844495
Transform:
  m_ObjectHideFlags: 0
  m_CorrespondingSourceObject: {fileID: 0}
  m_PrefabInstance: {fileID: 0}
  m_PrefabAsset: {fileID: 0}
  m_GameObject: {fileID: 4819044960737358276}
  m_LocalRotation: {x: -0, y: -0, z: -0, w: 1}
  m_LocalPosition: {x: 75.18457, y: 39.28, z: 40.10025}
  m_LocalScale: {x: 1, y: 1, z: 1}
  m_Children:
  - {fileID: 6179311355337268395}
  - {fileID: 2190364364936745387}
  - {fileID: 5266005448660647435}
  - {fileID: 5965884120625206033}
  - {fileID: 1357644335981230248}
  - {fileID: 4113063702705808239}
  - {fileID: 2085476092141542499}
  - {fileID: 3244793605023303616}
  - {fileID: 5170749536356287364}
  - {fileID: 5960966627637224399}
  m_Father: {fileID: 0}
  m_RootOrder: 0
  m_LocalEulerAnglesHint: {x: 0, y: 0, z: 0}
--- !u!1 &7179038203934185635
GameObject:
  m_ObjectHideFlags: 0
  m_CorrespondingSourceObject: {fileID: 0}
  m_PrefabInstance: {fileID: 0}
  m_PrefabAsset: {fileID: 0}
  serializedVersion: 6
  m_Component:
  - component: {fileID: 5965884120625206033}
  - component: {fileID: 2124707116830907406}
  - component: {fileID: 3391300902728040771}
  m_Layer: 0
  m_Name: Grass 018 (1)
  m_TagString: Untagged
  m_Icon: {fileID: 0}
  m_NavMeshLayer: 0
  m_StaticEditorFlags: 0
  m_IsActive: 1
--- !u!4 &5965884120625206033
Transform:
  m_ObjectHideFlags: 0
  m_CorrespondingSourceObject: {fileID: 0}
  m_PrefabInstance: {fileID: 0}
  m_PrefabAsset: {fileID: 0}
  m_GameObject: {fileID: 7179038203934185635}
  m_LocalRotation: {x: 0.0000018099951, y: -0, z: -0, w: 1}
  m_LocalPosition: {x: 0, y: 0, z: 0}
  m_LocalScale: {x: 1, y: 1, z: 1}
  m_Children: []
  m_Father: {fileID: 1176263516843844495}
  m_RootOrder: 3
  m_LocalEulerAnglesHint: {x: 0, y: 0, z: 0}
--- !u!33 &2124707116830907406
MeshFilter:
  m_ObjectHideFlags: 0
  m_CorrespondingSourceObject: {fileID: 0}
  m_PrefabInstance: {fileID: 0}
  m_PrefabAsset: {fileID: 0}
  m_GameObject: {fileID: 7179038203934185635}
  m_Mesh: {fileID: 4300038, guid: c03a558d6a5b67a42a09d717328570cd, type: 3}
--- !u!23 &3391300902728040771
MeshRenderer:
  m_ObjectHideFlags: 0
  m_CorrespondingSourceObject: {fileID: 0}
  m_PrefabInstance: {fileID: 0}
  m_PrefabAsset: {fileID: 0}
  m_GameObject: {fileID: 7179038203934185635}
  m_Enabled: 1
  m_CastShadows: 1
  m_ReceiveShadows: 1
  m_DynamicOccludee: 1
  m_MotionVectors: 1
  m_LightProbeUsage: 1
  m_ReflectionProbeUsage: 1
  m_RayTracingMode: 2
  m_RayTraceProcedural: 0
  m_RenderingLayerMask: 1
  m_RendererPriority: 0
  m_Materials:
  - {fileID: 2100000, guid: be13ca1e8145cd44dac27f8458a59d42, type: 2}
  m_StaticBatchInfo:
    firstSubMesh: 0
    subMeshCount: 0
  m_StaticBatchRoot: {fileID: 0}
  m_ProbeAnchor: {fileID: 0}
  m_LightProbeVolumeOverride: {fileID: 0}
  m_ScaleInLightmap: 1
  m_ReceiveGI: 1
  m_PreserveUVs: 0
  m_IgnoreNormalsForChartDetection: 0
  m_ImportantGI: 0
  m_StitchLightmapSeams: 1
  m_SelectedEditorRenderState: 3
  m_MinimumChartSize: 4
  m_AutoUVMaxDistance: 0.5
  m_AutoUVMaxAngle: 89
  m_LightmapParameters: {fileID: 0}
  m_SortingLayerID: 0
  m_SortingLayer: 0
  m_SortingOrder: 0
  m_AdditionalVertexStreams: {fileID: 0}
--- !u!1 &7897411509904269284
GameObject:
  m_ObjectHideFlags: 0
  m_CorrespondingSourceObject: {fileID: 0}
  m_PrefabInstance: {fileID: 0}
  m_PrefabAsset: {fileID: 0}
  serializedVersion: 6
  m_Component:
  - component: {fileID: 5266005448660647435}
  - component: {fileID: 1107882508783585258}
  - component: {fileID: 4777949172275467854}
  m_Layer: 0
  m_Name: Grass 08 (1)
  m_TagString: Untagged
  m_Icon: {fileID: 0}
  m_NavMeshLayer: 0
  m_StaticEditorFlags: 0
  m_IsActive: 1
--- !u!4 &5266005448660647435
Transform:
  m_ObjectHideFlags: 0
  m_CorrespondingSourceObject: {fileID: 0}
  m_PrefabInstance: {fileID: 0}
  m_PrefabAsset: {fileID: 0}
  m_GameObject: {fileID: 7897411509904269284}
  m_LocalRotation: {x: 0.0000018099951, y: -0, z: -0, w: 1}
  m_LocalPosition: {x: 0, y: 0, z: 0}
  m_LocalScale: {x: 1, y: 1, z: 1}
  m_Children: []
  m_Father: {fileID: 1176263516843844495}
  m_RootOrder: 2
  m_LocalEulerAnglesHint: {x: 0, y: 0, z: 0}
--- !u!33 &1107882508783585258
MeshFilter:
  m_ObjectHideFlags: 0
  m_CorrespondingSourceObject: {fileID: 0}
  m_PrefabInstance: {fileID: 0}
  m_PrefabAsset: {fileID: 0}
  m_GameObject: {fileID: 7897411509904269284}
  m_Mesh: {fileID: 4300004, guid: c03a558d6a5b67a42a09d717328570cd, type: 3}
--- !u!23 &4777949172275467854
MeshRenderer:
  m_ObjectHideFlags: 0
  m_CorrespondingSourceObject: {fileID: 0}
  m_PrefabInstance: {fileID: 0}
  m_PrefabAsset: {fileID: 0}
  m_GameObject: {fileID: 7897411509904269284}
  m_Enabled: 1
  m_CastShadows: 1
  m_ReceiveShadows: 1
  m_DynamicOccludee: 1
  m_MotionVectors: 1
  m_LightProbeUsage: 1
  m_ReflectionProbeUsage: 1
  m_RayTracingMode: 2
  m_RayTraceProcedural: 0
  m_RenderingLayerMask: 1
  m_RendererPriority: 0
  m_Materials:
  - {fileID: 2100000, guid: be13ca1e8145cd44dac27f8458a59d42, type: 2}
  m_StaticBatchInfo:
    firstSubMesh: 0
    subMeshCount: 0
  m_StaticBatchRoot: {fileID: 0}
  m_ProbeAnchor: {fileID: 0}
  m_LightProbeVolumeOverride: {fileID: 0}
  m_ScaleInLightmap: 1
  m_ReceiveGI: 1
  m_PreserveUVs: 0
  m_IgnoreNormalsForChartDetection: 0
  m_ImportantGI: 0
  m_StitchLightmapSeams: 1
  m_SelectedEditorRenderState: 3
  m_MinimumChartSize: 4
  m_AutoUVMaxDistance: 0.5
  m_AutoUVMaxAngle: 89
  m_LightmapParameters: {fileID: 0}
  m_SortingLayerID: 0
  m_SortingLayer: 0
  m_SortingOrder: 0
  m_AdditionalVertexStreams: {fileID: 0}
--- !u!1001 &1352867360658572916
PrefabInstance:
  m_ObjectHideFlags: 0
  serializedVersion: 2
  m_Modification:
    m_TransformParent: {fileID: 1176263516843844495}
    m_Modifications:
    - target: {fileID: 1581448723623170, guid: f21081d7cade42442bf54b2aed44509d, type: 3}
      propertyPath: m_Name
      value: Grass 017 (12)
      objectReference: {fileID: 0}
    - target: {fileID: 4798160383590108, guid: f21081d7cade42442bf54b2aed44509d, type: 3}
      propertyPath: m_RootOrder
      value: 4
      objectReference: {fileID: 0}
    - target: {fileID: 4798160383590108, guid: f21081d7cade42442bf54b2aed44509d, type: 3}
      propertyPath: m_LocalScale.x
      value: 1.5278
      objectReference: {fileID: 0}
    - target: {fileID: 4798160383590108, guid: f21081d7cade42442bf54b2aed44509d, type: 3}
      propertyPath: m_LocalScale.y
      value: 1.5928
      objectReference: {fileID: 0}
    - target: {fileID: 4798160383590108, guid: f21081d7cade42442bf54b2aed44509d, type: 3}
      propertyPath: m_LocalPosition.x
      value: -2.552002
      objectReference: {fileID: 0}
    - target: {fileID: 4798160383590108, guid: f21081d7cade42442bf54b2aed44509d, type: 3}
      propertyPath: m_LocalPosition.y
      value: -0.02720642
      objectReference: {fileID: 0}
    - target: {fileID: 4798160383590108, guid: f21081d7cade42442bf54b2aed44509d, type: 3}
      propertyPath: m_LocalPosition.z
      value: 0.12231445
      objectReference: {fileID: 0}
    - target: {fileID: 4798160383590108, guid: f21081d7cade42442bf54b2aed44509d, type: 3}
      propertyPath: m_LocalRotation.w
      value: 1
      objectReference: {fileID: 0}
    - target: {fileID: 4798160383590108, guid: f21081d7cade42442bf54b2aed44509d, type: 3}
      propertyPath: m_LocalRotation.x
      value: -0
      objectReference: {fileID: 0}
    - target: {fileID: 4798160383590108, guid: f21081d7cade42442bf54b2aed44509d, type: 3}
      propertyPath: m_LocalRotation.y
      value: -0
      objectReference: {fileID: 0}
    - target: {fileID: 4798160383590108, guid: f21081d7cade42442bf54b2aed44509d, type: 3}
      propertyPath: m_LocalRotation.z
      value: -0
      objectReference: {fileID: 0}
    - target: {fileID: 4798160383590108, guid: f21081d7cade42442bf54b2aed44509d, type: 3}
      propertyPath: m_LocalEulerAnglesHint.x
      value: 0
      objectReference: {fileID: 0}
    - target: {fileID: 4798160383590108, guid: f21081d7cade42442bf54b2aed44509d, type: 3}
      propertyPath: m_LocalEulerAnglesHint.y
      value: 0
      objectReference: {fileID: 0}
    - target: {fileID: 4798160383590108, guid: f21081d7cade42442bf54b2aed44509d, type: 3}
      propertyPath: m_LocalEulerAnglesHint.z
      value: 0
      objectReference: {fileID: 0}
    m_RemovedComponents: []
  m_SourcePrefab: {fileID: 100100000, guid: f21081d7cade42442bf54b2aed44509d, type: 3}
--- !u!4 &1357644335981230248 stripped
Transform:
  m_CorrespondingSourceObject: {fileID: 4798160383590108, guid: f21081d7cade42442bf54b2aed44509d, type: 3}
  m_PrefabInstance: {fileID: 1352867360658572916}
  m_PrefabAsset: {fileID: 0}
--- !u!1001 &2089227970209774231
PrefabInstance:
  m_ObjectHideFlags: 0
  serializedVersion: 2
  m_Modification:
    m_TransformParent: {fileID: 1176263516843844495}
    m_Modifications:
    - target: {fileID: 1850492421872518, guid: 11293bbcc637d5742ac84acd702ae83f, type: 3}
      propertyPath: m_Name
      value: Grass 020 (3)
      objectReference: {fileID: 0}
    - target: {fileID: 4350431706965748, guid: 11293bbcc637d5742ac84acd702ae83f, type: 3}
      propertyPath: m_RootOrder
      value: 6
      objectReference: {fileID: 0}
    - target: {fileID: 4350431706965748, guid: 11293bbcc637d5742ac84acd702ae83f, type: 3}
      propertyPath: m_LocalScale.x
      value: 1.7147
      objectReference: {fileID: 0}
    - target: {fileID: 4350431706965748, guid: 11293bbcc637d5742ac84acd702ae83f, type: 3}
      propertyPath: m_LocalScale.y
      value: 1.7147
      objectReference: {fileID: 0}
    - target: {fileID: 4350431706965748, guid: 11293bbcc637d5742ac84acd702ae83f, type: 3}
      propertyPath: m_LocalScale.z
      value: 1.7147
      objectReference: {fileID: 0}
    - target: {fileID: 4350431706965748, guid: 11293bbcc637d5742ac84acd702ae83f, type: 3}
      propertyPath: m_LocalPosition.x
      value: -0.56604004
      objectReference: {fileID: 0}
    - target: {fileID: 4350431706965748, guid: 11293bbcc637d5742ac84acd702ae83f, type: 3}
      propertyPath: m_LocalPosition.y
      value: -0.02174759
      objectReference: {fileID: 0}
    - target: {fileID: 4350431706965748, guid: 11293bbcc637d5742ac84acd702ae83f, type: 3}
      propertyPath: m_LocalPosition.z
      value: -0.11090088
      objectReference: {fileID: 0}
    - target: {fileID: 4350431706965748, guid: 11293bbcc637d5742ac84acd702ae83f, type: 3}
      propertyPath: m_LocalRotation.w
      value: 1
      objectReference: {fileID: 0}
    - target: {fileID: 4350431706965748, guid: 11293bbcc637d5742ac84acd702ae83f, type: 3}
      propertyPath: m_LocalRotation.x
      value: -0
      objectReference: {fileID: 0}
    - target: {fileID: 4350431706965748, guid: 11293bbcc637d5742ac84acd702ae83f, type: 3}
      propertyPath: m_LocalRotation.y
      value: -0
      objectReference: {fileID: 0}
    - target: {fileID: 4350431706965748, guid: 11293bbcc637d5742ac84acd702ae83f, type: 3}
      propertyPath: m_LocalRotation.z
      value: -0
      objectReference: {fileID: 0}
    - target: {fileID: 4350431706965748, guid: 11293bbcc637d5742ac84acd702ae83f, type: 3}
      propertyPath: m_LocalEulerAnglesHint.x
      value: 0
      objectReference: {fileID: 0}
    - target: {fileID: 4350431706965748, guid: 11293bbcc637d5742ac84acd702ae83f, type: 3}
      propertyPath: m_LocalEulerAnglesHint.y
      value: 0
      objectReference: {fileID: 0}
    - target: {fileID: 4350431706965748, guid: 11293bbcc637d5742ac84acd702ae83f, type: 3}
      propertyPath: m_LocalEulerAnglesHint.z
      value: 0
      objectReference: {fileID: 0}
    m_RemovedComponents: []
  m_SourcePrefab: {fileID: 100100000, guid: 11293bbcc637d5742ac84acd702ae83f, type: 3}
--- !u!4 &2085476092141542499 stripped
Transform:
  m_CorrespondingSourceObject: {fileID: 4350431706965748, guid: 11293bbcc637d5742ac84acd702ae83f, type: 3}
  m_PrefabInstance: {fileID: 2089227970209774231}
  m_PrefabAsset: {fileID: 0}
--- !u!1001 &3249019251659429632
PrefabInstance:
  m_ObjectHideFlags: 0
  serializedVersion: 2
  m_Modification:
    m_TransformParent: {fileID: 1176263516843844495}
    m_Modifications:
    - target: {fileID: 1484112639578788, guid: e005427ec2a6e7f4f9288388bceb3ad7, type: 3}
      propertyPath: m_Name
      value: Grass 026 (3)
      objectReference: {fileID: 0}
    - target: {fileID: 4793166579323072, guid: e005427ec2a6e7f4f9288388bceb3ad7, type: 3}
      propertyPath: m_RootOrder
      value: 7
      objectReference: {fileID: 0}
    - target: {fileID: 4793166579323072, guid: e005427ec2a6e7f4f9288388bceb3ad7, type: 3}
      propertyPath: m_LocalScale.x
      value: 1.1795
      objectReference: {fileID: 0}
    - target: {fileID: 4793166579323072, guid: e005427ec2a6e7f4f9288388bceb3ad7, type: 3}
      propertyPath: m_LocalScale.y
      value: 1.1795
      objectReference: {fileID: 0}
    - target: {fileID: 4793166579323072, guid: e005427ec2a6e7f4f9288388bceb3ad7, type: 3}
      propertyPath: m_LocalScale.z
      value: 1.1795
      objectReference: {fileID: 0}
    - target: {fileID: 4793166579323072, guid: e005427ec2a6e7f4f9288388bceb3ad7, type: 3}
      propertyPath: m_LocalPosition.x
      value: -3.0211182
      objectReference: {fileID: 0}
    - target: {fileID: 4793166579323072, guid: e005427ec2a6e7f4f9288388bceb3ad7, type: 3}
      propertyPath: m_LocalPosition.y
      value: -0.08805084
      objectReference: {fileID: 0}
    - target: {fileID: 4793166579323072, guid: e005427ec2a6e7f4f9288388bceb3ad7, type: 3}
      propertyPath: m_LocalPosition.z
      value: 0.52056885
      objectReference: {fileID: 0}
    - target: {fileID: 4793166579323072, guid: e005427ec2a6e7f4f9288388bceb3ad7, type: 3}
      propertyPath: m_LocalRotation.w
      value: 1
      objectReference: {fileID: 0}
    - target: {fileID: 4793166579323072, guid: e005427ec2a6e7f4f9288388bceb3ad7, type: 3}
      propertyPath: m_LocalRotation.x
      value: -0
      objectReference: {fileID: 0}
    - target: {fileID: 4793166579323072, guid: e005427ec2a6e7f4f9288388bceb3ad7, type: 3}
      propertyPath: m_LocalRotation.y
      value: -0
      objectReference: {fileID: 0}
    - target: {fileID: 4793166579323072, guid: e005427ec2a6e7f4f9288388bceb3ad7, type: 3}
      propertyPath: m_LocalRotation.z
      value: -0
      objectReference: {fileID: 0}
    - target: {fileID: 4793166579323072, guid: e005427ec2a6e7f4f9288388bceb3ad7, type: 3}
      propertyPath: m_LocalEulerAnglesHint.x
      value: 0
      objectReference: {fileID: 0}
    - target: {fileID: 4793166579323072, guid: e005427ec2a6e7f4f9288388bceb3ad7, type: 3}
      propertyPath: m_LocalEulerAnglesHint.y
      value: 0
      objectReference: {fileID: 0}
    - target: {fileID: 4793166579323072, guid: e005427ec2a6e7f4f9288388bceb3ad7, type: 3}
      propertyPath: m_LocalEulerAnglesHint.z
      value: 0
      objectReference: {fileID: 0}
    m_RemovedComponents: []
  m_SourcePrefab: {fileID: 100100000, guid: e005427ec2a6e7f4f9288388bceb3ad7, type: 3}
--- !u!4 &3244793605023303616 stripped
Transform:
  m_CorrespondingSourceObject: {fileID: 4793166579323072, guid: e005427ec2a6e7f4f9288388bceb3ad7, type: 3}
  m_PrefabInstance: {fileID: 3249019251659429632}
  m_PrefabAsset: {fileID: 0}
--- !u!1001 &4108833461725830579
PrefabInstance:
  m_ObjectHideFlags: 0
  serializedVersion: 2
  m_Modification:
    m_TransformParent: {fileID: 1176263516843844495}
    m_Modifications:
    - target: {fileID: 1581448723623170, guid: f21081d7cade42442bf54b2aed44509d, type: 3}
      propertyPath: m_Name
      value: Grass 017 (13)
      objectReference: {fileID: 0}
    - target: {fileID: 4798160383590108, guid: f21081d7cade42442bf54b2aed44509d, type: 3}
      propertyPath: m_RootOrder
      value: 5
      objectReference: {fileID: 0}
    - target: {fileID: 4798160383590108, guid: f21081d7cade42442bf54b2aed44509d, type: 3}
      propertyPath: m_LocalScale.x
      value: 1.7943602
      objectReference: {fileID: 0}
    - target: {fileID: 4798160383590108, guid: f21081d7cade42442bf54b2aed44509d, type: 3}
      propertyPath: m_LocalScale.y
      value: 1.2
      objectReference: {fileID: 0}
    - target: {fileID: 4798160383590108, guid: f21081d7cade42442bf54b2aed44509d, type: 3}
      propertyPath: m_LocalScale.z
      value: 1.2
      objectReference: {fileID: 0}
    - target: {fileID: 4798160383590108, guid: f21081d7cade42442bf54b2aed44509d, type: 3}
      propertyPath: m_LocalPosition.x
      value: -3.0859375
      objectReference: {fileID: 0}
    - target: {fileID: 4798160383590108, guid: f21081d7cade42442bf54b2aed44509d, type: 3}
      propertyPath: m_LocalPosition.y
      value: -0.08950043
      objectReference: {fileID: 0}
    - target: {fileID: 4798160383590108, guid: f21081d7cade42442bf54b2aed44509d, type: 3}
      propertyPath: m_LocalPosition.z
      value: 0.46316528
      objectReference: {fileID: 0}
    - target: {fileID: 4798160383590108, guid: f21081d7cade42442bf54b2aed44509d, type: 3}
      propertyPath: m_LocalRotation.w
      value: 1
      objectReference: {fileID: 0}
    - target: {fileID: 4798160383590108, guid: f21081d7cade42442bf54b2aed44509d, type: 3}
      propertyPath: m_LocalRotation.x
      value: -0
      objectReference: {fileID: 0}
    - target: {fileID: 4798160383590108, guid: f21081d7cade42442bf54b2aed44509d, type: 3}
      propertyPath: m_LocalRotation.y
      value: -0
      objectReference: {fileID: 0}
    - target: {fileID: 4798160383590108, guid: f21081d7cade42442bf54b2aed44509d, type: 3}
      propertyPath: m_LocalRotation.z
      value: -0
      objectReference: {fileID: 0}
    - target: {fileID: 4798160383590108, guid: f21081d7cade42442bf54b2aed44509d, type: 3}
      propertyPath: m_LocalEulerAnglesHint.x
      value: 0
      objectReference: {fileID: 0}
    - target: {fileID: 4798160383590108, guid: f21081d7cade42442bf54b2aed44509d, type: 3}
      propertyPath: m_LocalEulerAnglesHint.y
      value: 0
      objectReference: {fileID: 0}
    - target: {fileID: 4798160383590108, guid: f21081d7cade42442bf54b2aed44509d, type: 3}
      propertyPath: m_LocalEulerAnglesHint.z
      value: 0
      objectReference: {fileID: 0}
    m_RemovedComponents: []
  m_SourcePrefab: {fileID: 100100000, guid: f21081d7cade42442bf54b2aed44509d, type: 3}
--- !u!4 &4113063702705808239 stripped
Transform:
  m_CorrespondingSourceObject: {fileID: 4798160383590108, guid: f21081d7cade42442bf54b2aed44509d, type: 3}
  m_PrefabInstance: {fileID: 4108833461725830579}
  m_PrefabAsset: {fileID: 0}
--- !u!1001 &5175394714239042146
PrefabInstance:
  m_ObjectHideFlags: 0
  serializedVersion: 2
  m_Modification:
    m_TransformParent: {fileID: 1176263516843844495}
    m_Modifications:
    - target: {fileID: 1609886074504092, guid: 6851ba79325cd6e44973e0efa733e69a, type: 3}
      propertyPath: m_Name
      value: Grass 023 (26)
      objectReference: {fileID: 0}
    - target: {fileID: 4648034070643174, guid: 6851ba79325cd6e44973e0efa733e69a, type: 3}
      propertyPath: m_RootOrder
      value: 8
      objectReference: {fileID: 0}
    - target: {fileID: 4648034070643174, guid: 6851ba79325cd6e44973e0efa733e69a, type: 3}
      propertyPath: m_LocalScale.x
      value: 3.755
      objectReference: {fileID: 0}
    - target: {fileID: 4648034070643174, guid: 6851ba79325cd6e44973e0efa733e69a, type: 3}
      propertyPath: m_LocalScale.y
      value: 3.755
      objectReference: {fileID: 0}
    - target: {fileID: 4648034070643174, guid: 6851ba79325cd6e44973e0efa733e69a, type: 3}
      propertyPath: m_LocalScale.z
      value: 3.755
      objectReference: {fileID: 0}
    - target: {fileID: 4648034070643174, guid: 6851ba79325cd6e44973e0efa733e69a, type: 3}
      propertyPath: m_LocalPosition.x
      value: -2.87
      objectReference: {fileID: 0}
    - target: {fileID: 4648034070643174, guid: 6851ba79325cd6e44973e0efa733e69a, type: 3}
      propertyPath: m_LocalPosition.y
      value: -0.14
      objectReference: {fileID: 0}
    - target: {fileID: 4648034070643174, guid: 6851ba79325cd6e44973e0efa733e69a, type: 3}
      propertyPath: m_LocalPosition.z
      value: 0.14
      objectReference: {fileID: 0}
    - target: {fileID: 4648034070643174, guid: 6851ba79325cd6e44973e0efa733e69a, type: 3}
      propertyPath: m_LocalRotation.w
      value: 0.9807122
      objectReference: {fileID: 0}
    - target: {fileID: 4648034070643174, guid: 6851ba79325cd6e44973e0efa733e69a, type: 3}
      propertyPath: m_LocalRotation.x
      value: -0
      objectReference: {fileID: 0}
    - target: {fileID: 4648034070643174, guid: 6851ba79325cd6e44973e0efa733e69a, type: 3}
      propertyPath: m_LocalRotation.y
      value: 0.19545749
      objectReference: {fileID: 0}
    - target: {fileID: 4648034070643174, guid: 6851ba79325cd6e44973e0efa733e69a, type: 3}
      propertyPath: m_LocalRotation.z
      value: -0
      objectReference: {fileID: 0}
    - target: {fileID: 4648034070643174, guid: 6851ba79325cd6e44973e0efa733e69a, type: 3}
      propertyPath: m_LocalEulerAnglesHint.x
      value: 0
      objectReference: {fileID: 0}
    - target: {fileID: 4648034070643174, guid: 6851ba79325cd6e44973e0efa733e69a, type: 3}
      propertyPath: m_LocalEulerAnglesHint.y
      value: 22.543
      objectReference: {fileID: 0}
    - target: {fileID: 4648034070643174, guid: 6851ba79325cd6e44973e0efa733e69a, type: 3}
      propertyPath: m_LocalEulerAnglesHint.z
      value: 0
      objectReference: {fileID: 0}
    m_RemovedComponents: []
  m_SourcePrefab: {fileID: 100100000, guid: 6851ba79325cd6e44973e0efa733e69a, type: 3}
--- !u!4 &5170749536356287364 stripped
Transform:
  m_CorrespondingSourceObject: {fileID: 4648034070643174, guid: 6851ba79325cd6e44973e0efa733e69a, type: 3}
  m_PrefabInstance: {fileID: 5175394714239042146}
  m_PrefabAsset: {fileID: 0}
--- !u!1001 &5960966627636836687
PrefabInstance:
  m_ObjectHideFlags: 0
  serializedVersion: 2
  m_Modification:
    m_TransformParent: {fileID: 1176263516843844495}
    m_Modifications:
    - target: {fileID: 100000, guid: 3254391a65835ec4a829497f1a6aaadc, type: 3}
      propertyPath: m_Name
      value: SM_Env_Rocks_01 (7)
      objectReference: {fileID: 0}
    - target: {fileID: 400000, guid: 3254391a65835ec4a829497f1a6aaadc, type: 3}
      propertyPath: m_RootOrder
      value: 9
      objectReference: {fileID: 0}
    - target: {fileID: 400000, guid: 3254391a65835ec4a829497f1a6aaadc, type: 3}
      propertyPath: m_LocalPosition.x
      value: -0.7697754
      objectReference: {fileID: 0}
    - target: {fileID: 400000, guid: 3254391a65835ec4a829497f1a6aaadc, type: 3}
      propertyPath: m_LocalPosition.y
      value: -0.01512146
      objectReference: {fileID: 0}
    - target: {fileID: 400000, guid: 3254391a65835ec4a829497f1a6aaadc, type: 3}
      propertyPath: m_LocalPosition.z
      value: 0.84085083
      objectReference: {fileID: 0}
    - target: {fileID: 400000, guid: 3254391a65835ec4a829497f1a6aaadc, type: 3}
      propertyPath: m_LocalRotation.w
      value: 1
      objectReference: {fileID: 0}
    - target: {fileID: 400000, guid: 3254391a65835ec4a829497f1a6aaadc, type: 3}
      propertyPath: m_LocalRotation.x
      value: -0
      objectReference: {fileID: 0}
    - target: {fileID: 400000, guid: 3254391a65835ec4a829497f1a6aaadc, type: 3}
      propertyPath: m_LocalRotation.y
      value: -0
      objectReference: {fileID: 0}
    - target: {fileID: 400000, guid: 3254391a65835ec4a829497f1a6aaadc, type: 3}
      propertyPath: m_LocalRotation.z
      value: -0
      objectReference: {fileID: 0}
    - target: {fileID: 400000, guid: 3254391a65835ec4a829497f1a6aaadc, type: 3}
      propertyPath: m_LocalEulerAnglesHint.x
      value: 0
      objectReference: {fileID: 0}
    - target: {fileID: 400000, guid: 3254391a65835ec4a829497f1a6aaadc, type: 3}
      propertyPath: m_LocalEulerAnglesHint.y
      value: 0
      objectReference: {fileID: 0}
    - target: {fileID: 400000, guid: 3254391a65835ec4a829497f1a6aaadc, type: 3}
      propertyPath: m_LocalEulerAnglesHint.z
      value: 0
      objectReference: {fileID: 0}
    - target: {fileID: 2300000, guid: 3254391a65835ec4a829497f1a6aaadc, type: 3}
      propertyPath: m_Materials.Array.data[0]
      value: 
      objectReference: {fileID: 2100000, guid: 9206cf39f3b15a740931bf80a8cf94bf, type: 2}
    m_RemovedComponents: []
  m_SourcePrefab: {fileID: 100100000, guid: 3254391a65835ec4a829497f1a6aaadc, type: 3}
--- !u!4 &5960966627637224399 stripped
Transform:
  m_CorrespondingSourceObject: {fileID: 400000, guid: 3254391a65835ec4a829497f1a6aaadc, type: 3}
  m_PrefabInstance: {fileID: 5960966627636836687}
  m_PrefabAsset: {fileID: 0}
