%YAML 1.1
%TAG !u! tag:unity3d.com,2011:
--- !u!64 &1859240529956193728
MeshCollider:
  m_ObjectHideFlags: 0
  m_CorrespondingSourceObject: {fileID: 0}
  m_PrefabInstance: {fileID: 0}
  m_PrefabAsset: {fileID: 0}
  m_GameObject: {fileID: 19803629302968113}
  m_Material: {fileID: 0}
  m_IsTrigger: 0
  m_Enabled: 1
  serializedVersion: 4
  m_Convex: 1
  m_CookingOptions: 30
  m_Mesh: {fileID: 4300000, guid: fcd5b6fd32ac918408554673d6b4d719, type: 3}
--- !u!1 &8212489387876205636
GameObject:
  m_ObjectHideFlags: 0
  m_CorrespondingSourceObject: {fileID: 0}
  m_PrefabInstance: {fileID: 0}
  m_PrefabAsset: {fileID: 0}
  serializedVersion: 6
  m_Component:
  - component: {fileID: 5614513898539477202}
  m_Layer: 0
  m_Name: GrassStoneStuff 1
  m_TagString: Untagged
  m_Icon: {fileID: 0}
  m_NavMeshLayer: 0
  m_StaticEditorFlags: 0
  m_IsActive: 1
--- !u!4 &5614513898539477202
Transform:
  m_ObjectHideFlags: 0
  m_CorrespondingSourceObject: {fileID: 0}
  m_PrefabInstance: {fileID: 0}
  m_PrefabAsset: {fileID: 0}
  m_GameObject: {fileID: 8212489387876205636}
  m_LocalRotation: {x: 0, y: 0, z: 0, w: 1}
  m_LocalPosition: {x: 19.369873, y: 27.347908, z: 31.64737}
  m_LocalScale: {x: 1, y: 1, z: 1}
  m_Children:
  - {fileID: 3922165971716277859}
  - {fileID: 4865333952803668293}
  - {fileID: 3883783627530047399}
  - {fileID: 8477200207716584672}
  - {fileID: 8382157979024349531}
  - {fileID: 8914482283021415289}
  - {fileID: 8306721023791012128}
  - {fileID: 19803629302739729}
  - {fileID: 6474763230234615905}
  m_Father: {fileID: 0}
  m_RootOrder: 0
  m_LocalEulerAnglesHint: {x: 0, y: 0, z: 0}
--- !u!64 &4774536972193236985
MeshCollider:
  m_ObjectHideFlags: 0
  m_CorrespondingSourceObject: {fileID: 0}
  m_PrefabInstance: {fileID: 0}
  m_PrefabAsset: {fileID: 0}
  m_GameObject: {fileID: 8306721023790843136}
  m_Material: {fileID: 0}
  m_IsTrigger: 0
  m_Enabled: 1
  serializedVersion: 4
  m_Convex: 1
  m_CookingOptions: 30
  m_Mesh: {fileID: 4300000, guid: d0d3ae2586e488a49b958ca92239a929, type: 3}
--- !u!1001 &19803629302868369
PrefabInstance:
  m_ObjectHideFlags: 0
  serializedVersion: 2
  m_Modification:
    m_TransformParent: {fileID: 5614513898539477202}
    m_Modifications:
    - target: {fileID: 100000, guid: fcd5b6fd32ac918408554673d6b4d719, type: 3}
      propertyPath: m_Name
      value: SM_Env_Rock_03 (3)
      objectReference: {fileID: 0}
    - target: {fileID: 400000, guid: fcd5b6fd32ac918408554673d6b4d719, type: 3}
      propertyPath: m_RootOrder
      value: 7
      objectReference: {fileID: 0}
    - target: {fileID: 400000, guid: fcd5b6fd32ac918408554673d6b4d719, type: 3}
      propertyPath: m_LocalScale.x
      value: 1.9101
      objectReference: {fileID: 0}
    - target: {fileID: 400000, guid: fcd5b6fd32ac918408554673d6b4d719, type: 3}
      propertyPath: m_LocalScale.y
      value: 1.9101
      objectReference: {fileID: 0}
    - target: {fileID: 400000, guid: fcd5b6fd32ac918408554673d6b4d719, type: 3}
      propertyPath: m_LocalScale.z
      value: 1.9101
      objectReference: {fileID: 0}
    - target: {fileID: 400000, guid: fcd5b6fd32ac918408554673d6b4d719, type: 3}
      propertyPath: m_LocalPosition.x
      value: -2.54
      objectReference: {fileID: 0}
    - target: {fileID: 400000, guid: fcd5b6fd32ac918408554673d6b4d719, type: 3}
      propertyPath: m_LocalPosition.y
      value: -0.98
      objectReference: {fileID: 0}
    - target: {fileID: 400000, guid: fcd5b6fd32ac918408554673d6b4d719, type: 3}
      propertyPath: m_LocalPosition.z
      value: -2.33
      objectReference: {fileID: 0}
    - target: {fileID: 400000, guid: fcd5b6fd32ac918408554673d6b4d719, type: 3}
      propertyPath: m_LocalRotation.w
      value: 0.89889175
      objectReference: {fileID: 0}
    - target: {fileID: 400000, guid: fcd5b6fd32ac918408554673d6b4d719, type: 3}
      propertyPath: m_LocalRotation.x
      value: -6.3593165e-11
      objectReference: {fileID: 0}
    - target: {fileID: 400000, guid: fcd5b6fd32ac918408554673d6b4d719, type: 3}
      propertyPath: m_LocalRotation.y
      value: 0.43817073
      objectReference: {fileID: 0}
    - target: {fileID: 400000, guid: fcd5b6fd32ac918408554673d6b4d719, type: 3}
      propertyPath: m_LocalRotation.z
      value: 1.2166507e-10
      objectReference: {fileID: 0}
    - target: {fileID: 400000, guid: fcd5b6fd32ac918408554673d6b4d719, type: 3}
      propertyPath: m_LocalEulerAnglesHint.x
      value: 0
      objectReference: {fileID: 0}
    - target: {fileID: 400000, guid: fcd5b6fd32ac918408554673d6b4d719, type: 3}
      propertyPath: m_LocalEulerAnglesHint.y
      value: 51.974
      objectReference: {fileID: 0}
    - target: {fileID: 400000, guid: fcd5b6fd32ac918408554673d6b4d719, type: 3}
      propertyPath: m_LocalEulerAnglesHint.z
      value: 0
      objectReference: {fileID: 0}
    - target: {fileID: 2300000, guid: fcd5b6fd32ac918408554673d6b4d719, type: 3}
      propertyPath: m_Materials.Array.data[0]
      value: 
      objectReference: {fileID: 2100000, guid: 9206cf39f3b15a740931bf80a8cf94bf, type: 2}
    m_RemovedComponents: []
  m_SourcePrefab: {fileID: 100100000, guid: fcd5b6fd32ac918408554673d6b4d719, type: 3}
--- !u!1 &19803629302968113 stripped
GameObject:
  m_CorrespondingSourceObject: {fileID: 100000, guid: fcd5b6fd32ac918408554673d6b4d719, type: 3}
  m_PrefabInstance: {fileID: 19803629302868369}
  m_PrefabAsset: {fileID: 0}
--- !u!4 &19803629302739729 stripped
Transform:
  m_CorrespondingSourceObject: {fileID: 400000, guid: fcd5b6fd32ac918408554673d6b4d719, type: 3}
  m_PrefabInstance: {fileID: 19803629302868369}
  m_PrefabAsset: {fileID: 0}
--- !u!1001 &3883783627530477645
PrefabInstance:
  m_ObjectHideFlags: 0
  serializedVersion: 2
  m_Modification:
    m_TransformParent: {fileID: 5614513898539477202}
    m_Modifications:
    - target: {fileID: 133126, guid: ab08969352dd15648919e529870214e2, type: 3}
      propertyPath: m_Name
      value: SM_Env_Grass_03 (22)
      objectReference: {fileID: 0}
    - target: {fileID: 438250, guid: ab08969352dd15648919e529870214e2, type: 3}
      propertyPath: m_RootOrder
      value: 2
      objectReference: {fileID: 0}
    - target: {fileID: 438250, guid: ab08969352dd15648919e529870214e2, type: 3}
      propertyPath: m_LocalScale.x
      value: 0.6269623
      objectReference: {fileID: 0}
    - target: {fileID: 438250, guid: ab08969352dd15648919e529870214e2, type: 3}
      propertyPath: m_LocalScale.y
      value: 0.87525064
      objectReference: {fileID: 0}
    - target: {fileID: 438250, guid: ab08969352dd15648919e529870214e2, type: 3}
      propertyPath: m_LocalScale.z
      value: 0.74999994
      objectReference: {fileID: 0}
    - target: {fileID: 438250, guid: ab08969352dd15648919e529870214e2, type: 3}
      propertyPath: m_LocalPosition.x
      value: -1.59
      objectReference: {fileID: 0}
    - target: {fileID: 438250, guid: ab08969352dd15648919e529870214e2, type: 3}
      propertyPath: m_LocalPosition.y
      value: -0.8
      objectReference: {fileID: 0}
    - target: {fileID: 438250, guid: ab08969352dd15648919e529870214e2, type: 3}
      propertyPath: m_LocalPosition.z
      value: -4.59
      objectReference: {fileID: 0}
    - target: {fileID: 438250, guid: ab08969352dd15648919e529870214e2, type: 3}
      propertyPath: m_LocalRotation.w
      value: 0.69632304
      objectReference: {fileID: 0}
    - target: {fileID: 438250, guid: ab08969352dd15648919e529870214e2, type: 3}
      propertyPath: m_LocalRotation.x
      value: 0.008016471
      objectReference: {fileID: 0}
    - target: {fileID: 438250, guid: ab08969352dd15648919e529870214e2, type: 3}
      propertyPath: m_LocalRotation.y
      value: 0.7176362
      objectReference: {fileID: 0}
    - target: {fileID: 438250, guid: ab08969352dd15648919e529870214e2, type: 3}
      propertyPath: m_LocalRotation.z
      value: -0.008261835
      objectReference: {fileID: 0}
    - target: {fileID: 438250, guid: ab08969352dd15648919e529870214e2, type: 3}
      propertyPath: m_LocalEulerAnglesHint.x
      value: 1.319
      objectReference: {fileID: 0}
    - target: {fileID: 438250, guid: ab08969352dd15648919e529870214e2, type: 3}
      propertyPath: m_LocalEulerAnglesHint.y
      value: 91.727
      objectReference: {fileID: 0}
    - target: {fileID: 438250, guid: ab08969352dd15648919e529870214e2, type: 3}
      propertyPath: m_LocalEulerAnglesHint.z
      value: 0
      objectReference: {fileID: 0}
    m_RemovedComponents: []
  m_SourcePrefab: {fileID: 100100000, guid: ab08969352dd15648919e529870214e2, type: 3}
--- !u!4 &3883783627530047399 stripped
Transform:
  m_CorrespondingSourceObject: {fileID: 438250, guid: ab08969352dd15648919e529870214e2, type: 3}
  m_PrefabInstance: {fileID: 3883783627530477645}
  m_PrefabAsset: {fileID: 0}
--- !u!1001 &3918185773947344087
PrefabInstance:
  m_ObjectHideFlags: 0
  serializedVersion: 2
  m_Modification:
    m_TransformParent: {fileID: 5614513898539477202}
    m_Modifications:
    - target: {fileID: 1149965740689168, guid: 610309a373c4b7f46b12627b75a32511, type: 3}
      propertyPath: m_Name
      value: SM_Env_Rocks_02 (16)
      objectReference: {fileID: 0}
    - target: {fileID: 4050703955317428, guid: 610309a373c4b7f46b12627b75a32511, type: 3}
      propertyPath: m_RootOrder
      value: 0
      objectReference: {fileID: 0}
    - target: {fileID: 4050703955317428, guid: 610309a373c4b7f46b12627b75a32511, type: 3}
      propertyPath: m_LocalPosition.x
      value: 0
      objectReference: {fileID: 0}
    - target: {fileID: 4050703955317428, guid: 610309a373c4b7f46b12627b75a32511, type: 3}
      propertyPath: m_LocalPosition.y
      value: 0
      objectReference: {fileID: 0}
    - target: {fileID: 4050703955317428, guid: 610309a373c4b7f46b12627b75a32511, type: 3}
      propertyPath: m_LocalPosition.z
      value: 0
      objectReference: {fileID: 0}
    - target: {fileID: 4050703955317428, guid: 610309a373c4b7f46b12627b75a32511, type: 3}
      propertyPath: m_LocalRotation.w
      value: 1
      objectReference: {fileID: 0}
    - target: {fileID: 4050703955317428, guid: 610309a373c4b7f46b12627b75a32511, type: 3}
      propertyPath: m_LocalRotation.x
      value: -0
      objectReference: {fileID: 0}
    - target: {fileID: 4050703955317428, guid: 610309a373c4b7f46b12627b75a32511, type: 3}
      propertyPath: m_LocalRotation.y
      value: -0
      objectReference: {fileID: 0}
    - target: {fileID: 4050703955317428, guid: 610309a373c4b7f46b12627b75a32511, type: 3}
      propertyPath: m_LocalRotation.z
      value: -0
      objectReference: {fileID: 0}
    - target: {fileID: 4050703955317428, guid: 610309a373c4b7f46b12627b75a32511, type: 3}
      propertyPath: m_LocalEulerAnglesHint.x
      value: 0
      objectReference: {fileID: 0}
    - target: {fileID: 4050703955317428, guid: 610309a373c4b7f46b12627b75a32511, type: 3}
      propertyPath: m_LocalEulerAnglesHint.y
      value: 0
      objectReference: {fileID: 0}
    - target: {fileID: 4050703955317428, guid: 610309a373c4b7f46b12627b75a32511, type: 3}
      propertyPath: m_LocalEulerAnglesHint.z
      value: 0
      objectReference: {fileID: 0}
    - target: {fileID: 23463352962033714, guid: 610309a373c4b7f46b12627b75a32511, type: 3}
      propertyPath: m_Materials.Array.data[0]
      value: 
      objectReference: {fileID: 2100000, guid: 9206cf39f3b15a740931bf80a8cf94bf, type: 2}
    m_RemovedComponents: []
  m_SourcePrefab: {fileID: 100100000, guid: 610309a373c4b7f46b12627b75a32511, type: 3}
--- !u!4 &3922165971716277859 stripped
Transform:
  m_CorrespondingSourceObject: {fileID: 4050703955317428, guid: 610309a373c4b7f46b12627b75a32511, type: 3}
  m_PrefabInstance: {fileID: 3918185773947344087}
  m_PrefabAsset: {fileID: 0}
--- !u!1001 &4865333952803778223
PrefabInstance:
  m_ObjectHideFlags: 0
  serializedVersion: 2
  m_Modification:
    m_TransformParent: {fileID: 5614513898539477202}
    m_Modifications:
    - target: {fileID: 133126, guid: ab08969352dd15648919e529870214e2, type: 3}
      propertyPath: m_Name
      value: SM_Env_Grass_03 (21)
      objectReference: {fileID: 0}
    - target: {fileID: 438250, guid: ab08969352dd15648919e529870214e2, type: 3}
      propertyPath: m_RootOrder
      value: 1
      objectReference: {fileID: 0}
    - target: {fileID: 438250, guid: ab08969352dd15648919e529870214e2, type: 3}
      propertyPath: m_LocalScale.x
      value: 0.62696254
      objectReference: {fileID: 0}
    - target: {fileID: 438250, guid: ab08969352dd15648919e529870214e2, type: 3}
      propertyPath: m_LocalScale.y
      value: 0.87525064
      objectReference: {fileID: 0}
    - target: {fileID: 438250, guid: ab08969352dd15648919e529870214e2, type: 3}
      propertyPath: m_LocalPosition.x
      value: -4.52
      objectReference: {fileID: 0}
    - target: {fileID: 438250, guid: ab08969352dd15648919e529870214e2, type: 3}
      propertyPath: m_LocalPosition.y
      value: -0.43
      objectReference: {fileID: 0}
    - target: {fileID: 438250, guid: ab08969352dd15648919e529870214e2, type: 3}
      propertyPath: m_LocalPosition.z
      value: -3.48
      objectReference: {fileID: 0}
    - target: {fileID: 438250, guid: ab08969352dd15648919e529870214e2, type: 3}
      propertyPath: m_LocalRotation.w
      value: 0.9724584
      objectReference: {fileID: 0}
    - target: {fileID: 438250, guid: ab08969352dd15648919e529870214e2, type: 3}
      propertyPath: m_LocalRotation.x
      value: 0.011195493
      objectReference: {fileID: 0}
    - target: {fileID: 438250, guid: ab08969352dd15648919e529870214e2, type: 3}
      propertyPath: m_LocalRotation.y
      value: 0.23279218
      objectReference: {fileID: 0}
    - target: {fileID: 438250, guid: ab08969352dd15648919e529870214e2, type: 3}
      propertyPath: m_LocalRotation.z
      value: -0.002680037
      objectReference: {fileID: 0}
    - target: {fileID: 438250, guid: ab08969352dd15648919e529870214e2, type: 3}
      propertyPath: m_LocalEulerAnglesHint.x
      value: 1.319
      objectReference: {fileID: 0}
    - target: {fileID: 438250, guid: ab08969352dd15648919e529870214e2, type: 3}
      propertyPath: m_LocalEulerAnglesHint.y
      value: 26.925
      objectReference: {fileID: 0}
    - target: {fileID: 438250, guid: ab08969352dd15648919e529870214e2, type: 3}
      propertyPath: m_LocalEulerAnglesHint.z
      value: 0
      objectReference: {fileID: 0}
    m_RemovedComponents: []
  m_SourcePrefab: {fileID: 100100000, guid: ab08969352dd15648919e529870214e2, type: 3}
--- !u!4 &4865333952803668293 stripped
Transform:
  m_CorrespondingSourceObject: {fileID: 438250, guid: ab08969352dd15648919e529870214e2, type: 3}
  m_PrefabInstance: {fileID: 4865333952803778223}
  m_PrefabAsset: {fileID: 0}
--- !u!1001 &6474763230234420905
PrefabInstance:
  m_ObjectHideFlags: 0
  serializedVersion: 2
  m_Modification:
    m_TransformParent: {fileID: 5614513898539477202}
    m_Modifications:
    - target: {fileID: 142624, guid: 7bdfc15b94969874783c8029d8b918d8, type: 3}
      propertyPath: m_Name
      value: SM_Env_Tree_Dead_01 (7)
      objectReference: {fileID: 0}
    - target: {fileID: 460488, guid: 7bdfc15b94969874783c8029d8b918d8, type: 3}
      propertyPath: m_RootOrder
      value: 8
      objectReference: {fileID: 0}
    - target: {fileID: 460488, guid: 7bdfc15b94969874783c8029d8b918d8, type: 3}
      propertyPath: m_LocalPosition.x
      value: 1.6646565
      objectReference: {fileID: 0}
    - target: {fileID: 460488, guid: 7bdfc15b94969874783c8029d8b918d8, type: 3}
      propertyPath: m_LocalPosition.y
      value: -1.8971825
      objectReference: {fileID: 0}
    - target: {fileID: 460488, guid: 7bdfc15b94969874783c8029d8b918d8, type: 3}
      propertyPath: m_LocalPosition.z
      value: -6.621842
      objectReference: {fileID: 0}
    - target: {fileID: 460488, guid: 7bdfc15b94969874783c8029d8b918d8, type: 3}
      propertyPath: m_LocalRotation.w
      value: 0.7892115
      objectReference: {fileID: 0}
    - target: {fileID: 460488, guid: 7bdfc15b94969874783c8029d8b918d8, type: 3}
      propertyPath: m_LocalRotation.x
      value: 0.5912071
      objectReference: {fileID: 0}
    - target: {fileID: 460488, guid: 7bdfc15b94969874783c8029d8b918d8, type: 3}
      propertyPath: m_LocalRotation.y
      value: 0.10273807
      objectReference: {fileID: 0}
    - target: {fileID: 460488, guid: 7bdfc15b94969874783c8029d8b918d8, type: 3}
      propertyPath: m_LocalRotation.z
      value: -0.13063012
      objectReference: {fileID: 0}
    - target: {fileID: 460488, guid: 7bdfc15b94969874783c8029d8b918d8, type: 3}
      propertyPath: m_LocalEulerAnglesHint.x
      value: 106.257
      objectReference: {fileID: 0}
    - target: {fileID: 460488, guid: 7bdfc15b94969874783c8029d8b918d8, type: 3}
      propertyPath: m_LocalEulerAnglesHint.y
      value: 181.577
      objectReference: {fileID: 0}
    - target: {fileID: 460488, guid: 7bdfc15b94969874783c8029d8b918d8, type: 3}
      propertyPath: m_LocalEulerAnglesHint.z
      value: 162.386
      objectReference: {fileID: 0}
    m_RemovedComponents: []
  m_SourcePrefab: {fileID: 100100000, guid: 7bdfc15b94969874783c8029d8b918d8, type: 3}
--- !u!4 &6474763230234615905 stripped
Transform:
  m_CorrespondingSourceObject: {fileID: 460488, guid: 7bdfc15b94969874783c8029d8b918d8, type: 3}
  m_PrefabInstance: {fileID: 6474763230234420905}
  m_PrefabAsset: {fileID: 0}
--- !u!1001 &8306721023790875552
PrefabInstance:
  m_ObjectHideFlags: 0
  serializedVersion: 2
  m_Modification:
    m_TransformParent: {fileID: 5614513898539477202}
    m_Modifications:
    - target: {fileID: 100000, guid: d0d3ae2586e488a49b958ca92239a929, type: 3}
      propertyPath: m_Name
      value: SM_Env_Rock_05 (18)
      objectReference: {fileID: 0}
    - target: {fileID: 400000, guid: d0d3ae2586e488a49b958ca92239a929, type: 3}
      propertyPath: m_RootOrder
      value: 6
      objectReference: {fileID: 0}
    - target: {fileID: 400000, guid: d0d3ae2586e488a49b958ca92239a929, type: 3}
      propertyPath: m_LocalScale.x
      value: 2.8384004
      objectReference: {fileID: 0}
    - target: {fileID: 400000, guid: d0d3ae2586e488a49b958ca92239a929, type: 3}
      propertyPath: m_LocalScale.y
      value: 2.8384
      objectReference: {fileID: 0}
    - target: {fileID: 400000, guid: d0d3ae2586e488a49b958ca92239a929, type: 3}
      propertyPath: m_LocalScale.z
      value: 2.8384004
      objectReference: {fileID: 0}
    - target: {fileID: 400000, guid: d0d3ae2586e488a49b958ca92239a929, type: 3}
      propertyPath: m_LocalPosition.x
      value: -1.6438298
      objectReference: {fileID: 0}
    - target: {fileID: 400000, guid: d0d3ae2586e488a49b958ca92239a929, type: 3}
      propertyPath: m_LocalPosition.y
      value: -0.41575623
      objectReference: {fileID: 0}
    - target: {fileID: 400000, guid: d0d3ae2586e488a49b958ca92239a929, type: 3}
      propertyPath: m_LocalPosition.z
      value: -7.7529497
      objectReference: {fileID: 0}
    - target: {fileID: 400000, guid: d0d3ae2586e488a49b958ca92239a929, type: 3}
      propertyPath: m_LocalRotation.w
      value: 0.9247748
      objectReference: {fileID: 0}
    - target: {fileID: 400000, guid: d0d3ae2586e488a49b958ca92239a929, type: 3}
      propertyPath: m_LocalRotation.x
      value: -1.860946e-10
      objectReference: {fileID: 0}
    - target: {fileID: 400000, guid: d0d3ae2586e488a49b958ca92239a929, type: 3}
      propertyPath: m_LocalRotation.y
      value: 0.38051474
      objectReference: {fileID: 0}
    - target: {fileID: 400000, guid: d0d3ae2586e488a49b958ca92239a929, type: 3}
      propertyPath: m_LocalRotation.z
      value: 1.4291927e-10
      objectReference: {fileID: 0}
    - target: {fileID: 400000, guid: d0d3ae2586e488a49b958ca92239a929, type: 3}
      propertyPath: m_LocalEulerAnglesHint.x
      value: 0
      objectReference: {fileID: 0}
    - target: {fileID: 400000, guid: d0d3ae2586e488a49b958ca92239a929, type: 3}
      propertyPath: m_LocalEulerAnglesHint.y
      value: 44.731
      objectReference: {fileID: 0}
    - target: {fileID: 400000, guid: d0d3ae2586e488a49b958ca92239a929, type: 3}
      propertyPath: m_LocalEulerAnglesHint.z
      value: 0
      objectReference: {fileID: 0}
    - target: {fileID: 2300000, guid: d0d3ae2586e488a49b958ca92239a929, type: 3}
      propertyPath: m_Materials.Array.data[0]
      value: 
      objectReference: {fileID: 2100000, guid: 9206cf39f3b15a740931bf80a8cf94bf, type: 2}
    m_RemovedComponents: []
  m_SourcePrefab: {fileID: 100100000, guid: d0d3ae2586e488a49b958ca92239a929, type: 3}
--- !u!1 &8306721023790843136 stripped
GameObject:
  m_CorrespondingSourceObject: {fileID: 100000, guid: d0d3ae2586e488a49b958ca92239a929, type: 3}
  m_PrefabInstance: {fileID: 8306721023790875552}
  m_PrefabAsset: {fileID: 0}
--- !u!4 &8306721023791012128 stripped
Transform:
  m_CorrespondingSourceObject: {fileID: 400000, guid: d0d3ae2586e488a49b958ca92239a929, type: 3}
  m_PrefabInstance: {fileID: 8306721023790875552}
  m_PrefabAsset: {fileID: 0}
--- !u!1001 &8382157979024378017
PrefabInstance:
  m_ObjectHideFlags: 0
  serializedVersion: 2
  m_Modification:
    m_TransformParent: {fileID: 5614513898539477202}
    m_Modifications:
    - target: {fileID: 167346, guid: b97ef5c7e2d7767489174753925ca574, type: 3}
      propertyPath: m_Name
      value: SM_Env_Plants_02 (7)
      objectReference: {fileID: 0}
    - target: {fileID: 496122, guid: b97ef5c7e2d7767489174753925ca574, type: 3}
      propertyPath: m_RootOrder
      value: 4
      objectReference: {fileID: 0}
    - target: {fileID: 496122, guid: b97ef5c7e2d7767489174753925ca574, type: 3}
      propertyPath: m_LocalScale.x
      value: 1.07
      objectReference: {fileID: 0}
    - target: {fileID: 496122, guid: b97ef5c7e2d7767489174753925ca574, type: 3}
      propertyPath: m_LocalScale.y
      value: 1.141904
      objectReference: {fileID: 0}
    - target: {fileID: 496122, guid: b97ef5c7e2d7767489174753925ca574, type: 3}
      propertyPath: m_LocalScale.z
      value: 1.07
      objectReference: {fileID: 0}
    - target: {fileID: 496122, guid: b97ef5c7e2d7767489174753925ca574, type: 3}
      propertyPath: m_LocalPosition.x
      value: -1.5
      objectReference: {fileID: 0}
    - target: {fileID: 496122, guid: b97ef5c7e2d7767489174753925ca574, type: 3}
      propertyPath: m_LocalPosition.y
      value: -1.02
      objectReference: {fileID: 0}
    - target: {fileID: 496122, guid: b97ef5c7e2d7767489174753925ca574, type: 3}
      propertyPath: m_LocalPosition.z
      value: 0.59
      objectReference: {fileID: 0}
    - target: {fileID: 496122, guid: b97ef5c7e2d7767489174753925ca574, type: 3}
      propertyPath: m_LocalRotation.w
      value: 1
      objectReference: {fileID: 0}
    - target: {fileID: 496122, guid: b97ef5c7e2d7767489174753925ca574, type: 3}
      propertyPath: m_LocalRotation.x
      value: -0
      objectReference: {fileID: 0}
    - target: {fileID: 496122, guid: b97ef5c7e2d7767489174753925ca574, type: 3}
      propertyPath: m_LocalRotation.y
      value: -0
      objectReference: {fileID: 0}
    - target: {fileID: 496122, guid: b97ef5c7e2d7767489174753925ca574, type: 3}
      propertyPath: m_LocalRotation.z
      value: -0
      objectReference: {fileID: 0}
    - target: {fileID: 496122, guid: b97ef5c7e2d7767489174753925ca574, type: 3}
      propertyPath: m_LocalEulerAnglesHint.x
      value: 0
      objectReference: {fileID: 0}
    - target: {fileID: 496122, guid: b97ef5c7e2d7767489174753925ca574, type: 3}
      propertyPath: m_LocalEulerAnglesHint.y
      value: 0
      objectReference: {fileID: 0}
    - target: {fileID: 496122, guid: b97ef5c7e2d7767489174753925ca574, type: 3}
      propertyPath: m_LocalEulerAnglesHint.z
      value: 0
      objectReference: {fileID: 0}
    m_RemovedComponents: []
  m_SourcePrefab: {fileID: 100100000, guid: b97ef5c7e2d7767489174753925ca574, type: 3}
--- !u!4 &8382157979024349531 stripped
Transform:
  m_CorrespondingSourceObject: {fileID: 496122, guid: b97ef5c7e2d7767489174753925ca574, type: 3}
  m_PrefabInstance: {fileID: 8382157979024378017}
  m_PrefabAsset: {fileID: 0}
--- !u!1001 &8477200207716950794
PrefabInstance:
  m_ObjectHideFlags: 0
  serializedVersion: 2
  m_Modification:
    m_TransformParent: {fileID: 5614513898539477202}
    m_Modifications:
    - target: {fileID: 133126, guid: ab08969352dd15648919e529870214e2, type: 3}
      propertyPath: m_Name
      value: SM_Env_Grass_03 (23)
      objectReference: {fileID: 0}
    - target: {fileID: 438250, guid: ab08969352dd15648919e529870214e2, type: 3}
      propertyPath: m_RootOrder
      value: 3
      objectReference: {fileID: 0}
    - target: {fileID: 438250, guid: ab08969352dd15648919e529870214e2, type: 3}
      propertyPath: m_LocalScale.x
      value: 0.62696254
      objectReference: {fileID: 0}
    - target: {fileID: 438250, guid: ab08969352dd15648919e529870214e2, type: 3}
      propertyPath: m_LocalScale.y
      value: 1.1648709
      objectReference: {fileID: 0}
    - target: {fileID: 438250, guid: ab08969352dd15648919e529870214e2, type: 3}
      propertyPath: m_LocalPosition.x
      value: 2.44
      objectReference: {fileID: 0}
    - target: {fileID: 438250, guid: ab08969352dd15648919e529870214e2, type: 3}
      propertyPath: m_LocalPosition.y
      value: -0.94
      objectReference: {fileID: 0}
    - target: {fileID: 438250, guid: ab08969352dd15648919e529870214e2, type: 3}
      propertyPath: m_LocalPosition.z
      value: -8.25
      objectReference: {fileID: 0}
    - target: {fileID: 438250, guid: ab08969352dd15648919e529870214e2, type: 3}
      propertyPath: m_LocalRotation.w
      value: 0.3863904
      objectReference: {fileID: 0}
    - target: {fileID: 438250, guid: ab08969352dd15648919e529870214e2, type: 3}
      propertyPath: m_LocalRotation.x
      value: 0.004448345
      objectReference: {fileID: 0}
    - target: {fileID: 438250, guid: ab08969352dd15648919e529870214e2, type: 3}
      propertyPath: m_LocalRotation.y
      value: 0.9222635
      objectReference: {fileID: 0}
    - target: {fileID: 438250, guid: ab08969352dd15648919e529870214e2, type: 3}
      propertyPath: m_LocalRotation.z
      value: -0.010617622
      objectReference: {fileID: 0}
    - target: {fileID: 438250, guid: ab08969352dd15648919e529870214e2, type: 3}
      propertyPath: m_LocalEulerAnglesHint.x
      value: 1.319
      objectReference: {fileID: 0}
    - target: {fileID: 438250, guid: ab08969352dd15648919e529870214e2, type: 3}
      propertyPath: m_LocalEulerAnglesHint.y
      value: 134.537
      objectReference: {fileID: 0}
    - target: {fileID: 438250, guid: ab08969352dd15648919e529870214e2, type: 3}
      propertyPath: m_LocalEulerAnglesHint.z
      value: 0
      objectReference: {fileID: 0}
    m_RemovedComponents: []
  m_SourcePrefab: {fileID: 100100000, guid: ab08969352dd15648919e529870214e2, type: 3}
--- !u!4 &8477200207716584672 stripped
Transform:
  m_CorrespondingSourceObject: {fileID: 438250, guid: ab08969352dd15648919e529870214e2, type: 3}
  m_PrefabInstance: {fileID: 8477200207716950794}
  m_PrefabAsset: {fileID: 0}
--- !u!1001 &8914482283021771395
PrefabInstance:
  m_ObjectHideFlags: 0
  serializedVersion: 2
  m_Modification:
    m_TransformParent: {fileID: 5614513898539477202}
    m_Modifications:
    - target: {fileID: 167346, guid: b97ef5c7e2d7767489174753925ca574, type: 3}
      propertyPath: m_Name
      value: SM_Env_Plants_02 (8)
      objectReference: {fileID: 0}
    - target: {fileID: 496122, guid: b97ef5c7e2d7767489174753925ca574, type: 3}
      propertyPath: m_RootOrder
      value: 5
      objectReference: {fileID: 0}
    - target: {fileID: 496122, guid: b97ef5c7e2d7767489174753925ca574, type: 3}
      propertyPath: m_LocalScale.x
      value: 0.6852601
      objectReference: {fileID: 0}
    - target: {fileID: 496122, guid: b97ef5c7e2d7767489174753925ca574, type: 3}
      propertyPath: m_LocalScale.y
      value: 0.73130953
      objectReference: {fileID: 0}
    - target: {fileID: 496122, guid: b97ef5c7e2d7767489174753925ca574, type: 3}
      propertyPath: m_LocalScale.z
      value: 0.6852601
      objectReference: {fileID: 0}
    - target: {fileID: 496122, guid: b97ef5c7e2d7767489174753925ca574, type: 3}
      propertyPath: m_LocalPosition.x
      value: -3.38
      objectReference: {fileID: 0}
    - target: {fileID: 496122, guid: b97ef5c7e2d7767489174753925ca574, type: 3}
      propertyPath: m_LocalPosition.y
      value: -0.98
      objectReference: {fileID: 0}
    - target: {fileID: 496122, guid: b97ef5c7e2d7767489174753925ca574, type: 3}
      propertyPath: m_LocalPosition.z
      value: 0.59
      objectReference: {fileID: 0}
    - target: {fileID: 496122, guid: b97ef5c7e2d7767489174753925ca574, type: 3}
      propertyPath: m_LocalRotation.w
      value: 0.56060773
      objectReference: {fileID: 0}
    - target: {fileID: 496122, guid: b97ef5c7e2d7767489174753925ca574, type: 3}
      propertyPath: m_LocalRotation.x
      value: -0
      objectReference: {fileID: 0}
    - target: {fileID: 496122, guid: b97ef5c7e2d7767489174753925ca574, type: 3}
      propertyPath: m_LocalRotation.y
      value: 0.82808155
      objectReference: {fileID: 0}
    - target: {fileID: 496122, guid: b97ef5c7e2d7767489174753925ca574, type: 3}
      propertyPath: m_LocalRotation.z
      value: -0
      objectReference: {fileID: 0}
    - target: {fileID: 496122, guid: b97ef5c7e2d7767489174753925ca574, type: 3}
      propertyPath: m_LocalEulerAnglesHint.x
      value: 0
      objectReference: {fileID: 0}
    - target: {fileID: 496122, guid: b97ef5c7e2d7767489174753925ca574, type: 3}
      propertyPath: m_LocalEulerAnglesHint.y
      value: 111.804
      objectReference: {fileID: 0}
    - target: {fileID: 496122, guid: b97ef5c7e2d7767489174753925ca574, type: 3}
      propertyPath: m_LocalEulerAnglesHint.z
      value: 0
      objectReference: {fileID: 0}
    m_RemovedComponents: []
  m_SourcePrefab: {fileID: 100100000, guid: b97ef5c7e2d7767489174753925ca574, type: 3}
--- !u!4 &8914482283021415289 stripped
Transform:
  m_CorrespondingSourceObject: {fileID: 496122, guid: b97ef5c7e2d7767489174753925ca574, type: 3}
  m_PrefabInstance: {fileID: 8914482283021771395}
  m_PrefabAsset: {fileID: 0}
